4900 5809
346 375 419 448 eoi
521 310 523 314 ⁵
926 457 933 472 .
1004 357 1307 440 iocixvni
1337 312 1585 437 cenum

346 570 370 619 a
384 555 510 638 peceato
531 539 593 637 est,
620 541 735 640 absque
754 539 1008 638 Deosesalaaei
1021 540 1109 642 poffe
1128 544 1234 616 mani·
1264 539 1403 636 scimus,
1426 545 1512 637 quod
1532 541 1696 616 otuinus
1707 544 1845 641 faccee,
1861 545 2015 642 serininess
2066 549 2159 624 Nan

337 641 425 742 feste
445 646 545 721 dicit,
571 667 711 740 quonam
738 646 830 713 modo
853 665 937 732 uos,
962 644 1105 714 autulii
1132 646 1231 716 etiam
1276 641 1333 739 etst
1342 643 1451 712 onnia
1462 640 1653 732 fecerimus,
1680 647 2041 744 qouepratceptosuut
2053 653 2155 728 noble,

337 743 484 840 splenem
500 745 584 813 citra
602 740 698 836 spem
722 741 878 844 ejusmodi
903 741 1139 836 exspedantes,
1164 767 1231 813 non
1269 741 1406 853 mesic,
1432 753 1601 857 quantum⁸
1614 747 1660 812 od
1672 741 1747 814 baec
1760 747 1876 831 uerba,
1898 750 2019 820 bonum
2032 749 2156 846 aliquid

344 839 567 1037 bilbili
580 837 1172 1038 t'tstfs‘ttt'lltf'tttfti
1186 839 1231 1010 ’Σ
1261 837 1428 1033 itti,
1446 840 2049 1040 slttttett‘tttttl‘tiz
2067 861 2156 1020 tt}

340 1061 440 1128 Νι,
465 1064 529 1110 non
541 1037 627 1136 paffe
643 1064 683 1110 ex
702 1064 759 1117 eo,
785 1045 870 1136 quod
889 1040 924 1110 in
940 1040 1027 1113 nobis
1072 1053 1165 1126 tum,
1191 1043 1226 1110 in
1270 1061 1431 1122 mus‚noc
1448 1035 1504 1132 effe
1518 1041 1646 1111 inutiles
1664 1043 1795 1136 seruos,
1810 1042 1846 1142 ſs
1857 1046 1995 1136 proprie
2008 1050 2154 1120 eonveni-

274 1169 276 1174 ·
342 1160 482 1237 regnum
505 1135 567 1210 Dei
586 1141 729 1236 ingredi,
745 1131 998 1232 perpotentiam
1057 1142 1086 1207 ei
1109 1142 1144 1209 id
1168 1163 1224 1209 no·
1269 1147 1320 1206 ret
1345 1137 1523 1208 horninibus
1554 1140 1725 1233 adpellatio
1750 1141 1902 1212 bonitatis
1929 1141 2003 1216 &a
2032 1143 2149 1240 (situ

341 1240 391 1309 bie
407 1240 522 1307 datum
542 1233 778 1331 ἔλεγχθίνπς
798 1237 836 1312 in
859 1231 927 1310 noir
949 1229 1037 1312 tttcn
1056 1235 1160 1339 ἔργων
1182 1234 1222 1312 α’-
1269 1238 1515 1331 comparatione
1546 1237 1713 1309 advitam
1741 1255 1894 1310 eternam
1925 1239 2055 1314 bononi
2089 1269 2149 1318 no·

340 1328 451 1429 ,ἄξιοι
472 1328 636 1455 <aierit
659 1334 807 1421 iniria
828 1336 878 1410 τῦ
893 1333 1221 1438 θιῧχρηςότητῲι
1266 1333 1368 1403 linem
1387 1333 1518 1404 nonest
1540 1359 1617 1407 vere
1640 1338 1783 1423 bonum,
1807 1357 1929 1436 quanto
1951 1345 2063 1414 eninm
2088 1345 2148 1416 ecte

339 1432 564 1531 ἐξιωθωμεν.
614 1439 752 1506 Irenaeus
777 1434 832 1508 lib.
856 1439 896 1505 ΙΙ.
932 1431 960 1508 c'.
986 1445 1043 1514 64.
1075 1461 1106 1530 p.
1139 1446 1217 1515 164.
1265 1426 1408 1502 eiusdem
1437 1434 1666 1529 meritorium)
1688 1434 1762 1506 Lib.
1782 1438 1839 1507 111.
1871 1438 1906 1507 in
1928 1439 2020 1535 epist.
2047 1441 2146 1516 Rom,

339 1538 416 1606 edit.
431 1534 504 1630 gall.
536 1534 748 1626 Proplceticus
770 1538 914 1628 Spiritus
933 1539 972 1604 de
981 1533 1145 1627 scrivanio
1164 1534 1218 1604 lto·
1263 1553 1334 1627 cup.
1349 1532 1404 1600 111.
1422 1555 1455 1624 p.
1479 1553 1563 1612 505.
1584 1534 1671 1606 Mac·
1688 1537 1768 1635 absit
1778 1537 1920 1634 gloriari
1939 1540 2000 1638 nist
2020 1542 2057 1612 in
2073 1563 2143 1612 eru·

337 1638 423 1705 mine
436 1634 483 1731 sic
505 1635 575 1705 ait:
601 1636 712 1703 Vitam
735 1637 946 1730 peditare,
970 1642 1005 1705 de
1029 1631 1165 1705 tribuisti
1188 1637 1218 1703 ei
1262 1651 1294 1696 ee
1319 1626 1452 1700 Domini
1476 1629 1566 1725 Jesu
1591 1630 1735 1730 Christi,
1764 1633 1837 1708 &a
1893 1636 1996 1708 Vides
2023 1640 2142 1736 aposta·

336 1729 577 1827 longitudinem
599 1730 726 1803 dierum
755 1734 790 1800 in
814 1727 957 1814 seculum
988 1728 1109 1812 seculi,
1142 1744 1217 1802 tan·
1261 1726 1329 1794 lum
1351 1730 1569 1824 gloriantem,
1595 1733 1769 1828 oonsuper
1781 1733 1913 1833 justitia
1931 1737 2022 1830 sua,
2047 1763 2141 1836 neque

334 1855 433 1928 quom
452 1827 549 1903 Patre
571 1834 714 1900 omnium
738 1834 876 1901 donante
894 1829 942 1904 &
956 1834 992 1902 in
1003 1832 1150 1924 seculum
1160 1831 1217 1924 se·
1251 1823 1356 1919 stupae
1380 1824 1553 1920 castitate,
1577 1854 1677 1926 neque
1688 1832 1795 1926 snper
1818 1832 1988 1926 stipientia
2007 1888 2021 1913 ,
2045 1861 2139 1933 neque

335 1931 399 2000 ecte
418 1930 693 2025 perseverantiam
712 1929 788 2006 leis,
814 1928 968 2024 quifinlui
978 1930 1085 2025 finnt.
1136 1934 1216 2003 Non
1249 1923 1494 2018 stepercaeteris
1506 1928 1682 2001 uirtutibus
1696 1931 2140 2032 c'eiaiiibncficie,sedaper·

333 2032 418 2100 enim
437 2054 477 2104 ex
494 2032 605 2107 nobie,
631 2052 730 2122 neque
749 2052 791 2097 ex
806 2024 914 2118 nostra
932 2042 1055 2102 natura
1074 2032 1145 2100 nita
1159 2029 1212 2125 est,
1259 2023 1367 2115 tiffime
1376 2028 1648 2117 pronunciantem
1663 2028 1712 2104 ΕΤ
1728 2034 1903 2102 dicentem:
1925 2034 1996 2128 Qui
2009 2039 2137 2134 'gloria-

325 2129 386 2225 fed
396 2127 575 2221 secundnm
594 2130 743 2222 gratiam
765 2130 834 2200 Dei
856 2132 977 2205 datur,
1004 2127 1053 2203 Ed
1071 2130 1139 2198 ideo
1158 2131 1214 2224 qui
1259 2133 1337 2198 tur,
1371 2123 1406 2193 in
1428 2123 1573 2195 Domino
1591 2128 1761 2226 glorietur.
1813 2133 1863 2200 Et
1879 2133 1923 2226 sle
1949 2133 2137 2232 exclusaest

315 2285 318 2298 .
321 2228 508 2324 sanaverit
522 2232 635 2297 datam
649 2228 751 2312 vitae,
765 2225 813 2299 69
825 2231 958 2322 gratias
970 2231 1070 2324 egerit
1085 2231 1132 2313 ei,
1158 2229 1213 2321 qni
1249 2222 1389 2320 judaico
1412 2223 1597 2318 gloriatio,
1620 2251 1685 2298 non
1704 2253 1765 2322 per
1789 2227 1888 2328 legem
1904 2257 2062 2325 operum,
2082 2236 2136 2328 fid

324 2325 510 2421 praestitit,
537 2327 667 2417 accipiet
682 2323 729 2399 8?
747 2323 935 2419 insecutum
944 2326 1048 2418 seculi
1070 2327 1210 2425 longitu-
1250 2345 1314 2412 per
1327 2319 1533 2417 ltgttofido',
1559 2325 1695 2421 quaeest
1710 2333 1743 2397 in
1758 2327 1886 2423 (bristo
1898 2332 2010 2427 Jesu,
2038 2335 2072 2405 in
2084 2355 2135 2404 en·
2169 2329 2173 2338 ’

330 2429 431 2495 dinem
456 2428 589 2494 dicrum.
642 2426 710 2518 Qui
733 2439 841 2494 autem
864 2427 1015 2523 abjecerit
1038 2449 1135 2502 caen,
1160 2423 1209 2500 ἐφ’
1246 2420 1413 2517 juscruee
1427 2422 1594 2518 gloriatur
1617 2425 1786 2520 aposlolus.
1838 2431 1921 2524 Quis
1948 2434 2034 2500 enim
2056 2431 2135 2504 retia
2171 2461 2173 2466 ·

329 2527 483 2621 ingratus
502 2522 655 2620 exstiterit
669 2523 799 2618 saliari
826 2526 863 2593 ob
880 2523 960 2600 ltoa,
990 2529 1078 2620 quod
1093 2524 1209 2616 satius
1250 2519 1449 2615 gloelolltor
1465 2520 1620 2616 velsuper
1633 2521 1872 2620 castitatesua,
1889 2553 1961 2599 acm
1970 2530 2134 2626 scriptum

300 2623 390 2718 -est,
415 2622 466 2697 i!
480 2648 544 2692 non
562 2626 745 2718 cognoverit
764 2646 854 2696 cum,
880 2625 936 2717 qui
948 2622 1116 2718 praestat,
1142 2624 1207 2716 ipse
1251 2617 1359 2714 legat:
1383 2618 1500 2718 quiafi
1516 2623 1587 2716 quis
1605 2627 1788 2718 adspexerit
1814 2631 1975 2698 mulierem
1998 2637 2043 2700 ad
2060 2655 2133 2703 eon-

342 2726 489 2816 epriocct
515 2725 549 2791 in
566 2722 711 2817 seculum
732 2721 834 2812 *seculi
853 2721 1105 2816 persioerantia.
1132 2721 1204 2796 Lib.
1251 2715 1468 2809 cupitiendam
1483 2742 1578 2797 eam,
1589 2723 1666 2821 jam
1679 2721 1850 2796 merebatur
1865 2727 1908 2817 eli
1923 2753 1995 2798 eam
2015 2731 2050 2800 in
2066 2753 2131 2801 eor·

315 2722 678 2916 l11.c.22.p.214.
711 2821 838 2892 Paccius
856 2819 1080 2914 infirmitatem
1104 2821 1204 2892 iomi-
1250 2817 1288 2884 de
1293 2795 1391 2908 suo?
1417 2821 1501 2888 unde
1515 2817 1564 2893 ἔθ’
1585 2821 1749 2916 propbeta
1775 2827 1876 2896 dieit:
1899 2829 1986 2923 Quis
2007 2829 2131 2926 gloria-

180 2946 182 2949 ·
322 2922 377 2990 nic
403 2924 604 2991 adnuntians
628 2923 707 2990 ait:
733 2915 800 2989 scio
823 2923 939 2998 enim,
960 2923 1116 3017 quoniam
1136 2946 1204 2992 non
1248 2915 1337 2984 litor
1352 2911 1470 3010 troilum
1480 2915 1741 3010 sebaberecor?
1767 2937 1827 2994 ant
1843 2927 1913 3020 quic
1932 2928 2130 3025 gloriabitur

322 3017 447 3090 habitat
468 3021 502 3088 in
525 3042 621 3089 carne
645 3043 717 3091 men
739 3018 884 3098 bonum,
898 3019 1113 3118 fignificans‚
1127 3044 1204 3113 qun.
1238 3010 1516 3109 fieperfiepientia
1524 3019 1614 3114 sua,
1639 3020 1880 3116 conscriptum
1892 3028 2027 3126 videat!
2051 3032 2129 3124 quin

321 3121 413 3189 niam
428 3144 492 3189 non
508 3143 528 3188 a
545 3121 634 3189 nobis
645 3167 657 3203 ‚
666 3118 728 3214 sed
749 3143 772 3188 a
787 3122 859 3192 Deo
878 3117 920 3211 eli
942 3120 1059 3189 bonum
1078 3118 1202 3212 statutis
1247 3118 1387 3183 mondus
1393 3138 1458 3207 per
1461 3116 1661 3212 stipientiam
1674 3144 1740 3192 non
1763 3127 1911 3219 eognooit
1925 3124 2038 3197 Deum
2054 3126 2125 3203 &n

319 3215 466 3309 nestrae:
492 3216 541 3291 &7
557 3223 695 3291 iterum:
710 3211 807 3287 milet
824 3243 887 3313 ego
905 3219 1034 3295 homo,
1058 3221 1202 3314 quisine
1247 3211 1332 3305 Quis
1360 3226 1469 3284 autem
1491 3220 1543 3287 uel
1553 3216 1658 3312 super
1661 3216 1794 3320 jeestitia
1808 3221 1878 3316 sua
1906 3225 2121 3322 gloriabitur,

318 3312 466 3386 liberabit
481 3316 522 3387 de
537 3340 676 3413 corpore
693 3317 806 3387 mortis
825 3315 943 3410 huius?
974 3319 1085 3386 deinde
1102 3318 1201 3410 insert
1244 3333 1319 3380 rum
1342 3314 1458 3383 audiat
1487 3317 1598 3388 Deum
1616 3317 1722 3413 super
1743 3320 1935 3414 proplietam
1955 3325 2125 3400 dicentem:

317 3414 544 3490 iiberatorecn,
566 3417 682 3512 gratia
705 3410 842 3485 Domini
860 3411 959 3490 notiri
992 3412 1083 3507 Jcsn
1106 3414 1201 3485 (liri.
1244 3433 1328 3503 quae
1350 3413 1454 3484 omnis
1467 3409 1600 3566 postitio
1622 3418 1725 3511 nestra
1734 3419 1822 3517 ficut
1832 3444 1967 3512 pannus
1985 3417 2124 3500 mulinis
2145 3483 2149 3488 .
2171 3455 2173 3500 ι

307 3512 366 3609 sti.
380 3513 447 3585 Lib.
464 3515 506 3586 V.
524 3539 552 3584 c.
570 3537 649 3611 φρ.
671 3537 751 3604 319.
802 3507 981 3584 Densicecie
994 3513 1121 3582 mortali
1141 3516 1200 3582 im.
1243 3505 1474 3602 menstruatae.
1501 3514 1576 3608 jicio
1592 3518 1695 3613 igitur
1699 3515 2013 3620 justagloriatioecl
2030 3525 2068 3594 in
2070 3522 2121 3620 fi-
2170 3519 2173 3610 j

202 3651 208 3664 ·
316 3615 548 3688 mortalitatem
570 3617 773 3689 circumdat,
798 3609 846 3684 lt'
866 3611 1066 3706 corruptibili
1096 3616 1198 3684 incor·
1242 3609 1281 3677 tle
1303 3613 1407 3680 trotio
1436 3612 1557 3707 Christi
1569 3666 1584 3692 ,
1609 3639 1691 3710 quae
1720 3616 1858 3689 excludit
1888 3643 2010 3692 omnen
2034 3624 2122 3700 illene
2165 3633 2168 3638 '

313 3715 563 3810 nuptibilitatem
579 3715 733 3811 gratuito
759 3715 886 3788 donat,
913 3713 1064 3805 quoniam
1093 3712 1199 3784 oirtns
1237 3708 1492 3804 gloriationem,
1517 3737 1600 3810 quae
1622 3715 1778 3810 descendit
1809 3740 1849 3790 ex
1869 3705 2017 3813 operibus
2032 3722 2120 3822 tego.

312 3801 384 3887 Dei
411 3815 447 3883 in
469 3812 659 3906 infirmitate
677 3807 868 3908 perficitur,
892 3823 932 3879 ut
959 3835 1026 3880 nun
1047 3813 1138 3906 quast
1157 3838 1198 3883 ex
1240 3804 1313 3878 Lib·
1338 3811 1393 3881 lV·
1413 3814 1447 3880 51¹
1469 3836 1542 3908 cop.
1569 3815 1626 3885 IV·
1654 3814 1761 3889 Rom·
1787 3839 1821 3912 P·
1851 3838 1934 3898 509·
1956 3843 2119 3918 exponent

313 3915 402 3983 nobis
417 3911 493 4004 ipfir
508 3911 654 3981 babentes
675 3915 777 3982 uitam
791 3911 941 3980 indemne
956 3912 1130 4003 aliqumdo
1149 3911 1197 3985 69·
1239 3899 1366 3979 locum:
1390 3907 1437 3979 Ei
1448 3912 1506 4006 qui
1516 3925 1691 4004 operatur,
1720 3938 1836 3987 merces
1850 3939 1917 3986 non
1933 3921 2120 4014 inputatur

313 4011 502 4082 extollamur
516 4010 667 4104 adversus
686 4010 797 4094 Deum
812 4011 979 4104 ingratam
998 4021 1131 4078 mentem
1145 4035 1196 4081 oc.
1229 4003 1407 4097 secundum
1420 4012 1588 4106 gratiam,
1602 4010 1845 4108 sedsecundum
1858 4017 2018 4090 debitum:
2039 4023 2118 4120 Ege
2158 4033 2161 4038 '

312 4113 462 4206 cipicntes
482 4145 498 4192 ‚·
536 4112 752 4201 experimento
782 4120 891 4176 autem
916 4109 1077 4183 dicentes,
1116 4133 1219 4204 qno-c
1238 4105 1398 4203 (inquit)
1423 4133 1495 4179 cuin
1530 4114 1688 4209 confidero
1706 4112 1867 4206 sermonis
1892 4119 2164 4202 eminentiam*

190 4285 195 4293 ,
311 4215 403 4283 nium
418 4236 458 4282 ex
471 4203 555 4279 illius
568 4208 790 4307 magnitudine
806 4205 853 4280 c&
868 4229 932 4275 non
947 4230 987 4275 ex
1007 4207 1115 4298 nostra
1135 4233 1193 4278 na·
1236 4210 1324 4300 quod
1340 4209 1416 4276 dicit
1430 4217 1577 4302 operanti
1597 4213 1736 4281 debitum
1750 4216 1860 4302 reddi,
1882 4218 1940 4286 uix
1951 4219 2115 4314 miiisua·
2156 4247 2167 4258 ··

309 4324 389 4383 tura
406 4312 555 4382 babemus
570 4311 604 4377 in
619 4322 787 4377 aeternum
800 4304 1087 4400 perseuerantiam.
1113 4307 1189 4376 Ori-
1236 4308 1315 4381 deo,
1342 4310 1429 4401 quod
1442 4313 1518 4379 dicit
1533 4315 1680 4403 operanti
1697 4312 1835 4381 debitum
1849 4316 1957 4401 reddi,
1982 4321 2040 4389 uix
2055 4317 2112 4388 mi·

335 4433 409 4481 enes
425 4411 519 4481 trad.
541 4409 629 4478 Vnt,
641 4411 673 4476 in
687 4407 808 4480 Matth.
824 4421 903 4500 part.
923 4427 954 4475 2.
974 4430 1006 4502 p.
1022 4428 1082 4488 7¹·
1105 4407 1190 4476 For·
1235 4401 1421 4497 bisccadeo,
1445 4412 1630 4503 quodpoffit
1650 4410 1749 4480 ullum
1770 4433 1851 4504 opus
1866 4409 1944 4508 effe,
1970 4422 2057 4512 quod
2073 4441 2113 4490 en

300 4435 370 4608 ,ἐκ
393 4507 441 4582 &
457 4518 594 4601 propter
619 4531 692 4578 eum
721 4508 777 4602 qui
798 4506 900 4574 dixit:
923 4506 1013 4596 Quid
1034 4506 1107 4575 boni
1123 4505 1195 4601 fa.'
1232 4506 1334 4575 debito
1349 4513 1637 4579 remunerationem
1650 4511 1718 4580 Dei
1730 4511 1876 4605 deposcat
1889 4564 1903 4590 ,
1929 4519 2112 4590 tumetium

309 4612 412 4695 ciam,
439 4621 476 4675 ut
492 4606 623 4676 babeam
646 4610 747 4675 vitam
763 4617 948 4680 aeternam,
975 4603 1030 4672 icoc
1044 4604 1188 4693 Christus
1231 4602 1287 4672 tac
1306 4603 1431 4697 pisce-ca,
1459 4631 1532 4676 cnm
1555 4633 1655 4706 agere
1673 4611 1797 4704 aliquid
1807 4635 1853 4703 po
1878 4637 1974 4684 arnus
1994 4617 2046 4688 ael
2063 4640 2112 4688 ea·

310 4707 471 4803 respondit
493 4709 536 4773 ad
556 4728 648 4774 cuin:
674 4705 763 4798 Quid
785 4726 835 4773 ene
856 4704 933 4772 dicis
954 4701 1105 4772 bonnm?
1132 4729 1186 4773 ne·
1227 4704 1338 4799 gitore
1353 4705 1576 4802 ueiprclcqui,
1603 4709 1699 4809 ipstuc
1714 4712 1796 4778 dono
1869 4713 2046 4811 largitione
2050 4715 2110 4814 fa·

309 4831 363 4879 mo
381 4810 499 4884 bonus,
525 4803 584 4900 nifi
606 4827 690 4873 unus
715 4805 827 4879 Deus,
853 4816 892 4871 ut
912 4803 991 4872 illud
1010 4795 1186 4895 conjc'rmet3
1231 4803 1361 4872 ctancccs.
1414 4806 1610 4905 Quadriga
1633 4811 1695 4877 erit
1720 4810 1860 4879 debitum
1887 4812 2109 4916 illinc,iujett

309 4910 394 5003 quod
409 4904 482 4975 alibi
502 4904 596 4973 dicit:
610 4926 680 4974 cum
703 4906 811 4973 onmia
815 4905 977 4998 feceritis,
997 4925 1080 4997 qnae
1087 4927 1186 4996 prae·
1227 4905 1343 4998 gratio
1358 4928 1416 4973 nos
1426 4905 1620 5000 praeceffit?
1646 4910 1695 4978 Et
1718 4911 1785 4977 ideo
1812 4912 1985 4984 uidendum
2003 4917 2110 5014 magis
2163 4975 2173 4986 ..

307 5018 399 5104 cepta
410 5003 496 5100 sunt
519 5002 605 5078 aubis
625 5051 639 5100 ,
663 5004 778 5079 debetis
800 5001 1028 5100 inarescent
1056 5003 1184 5078 inutiles
1230 4997 1294 5100 est,
1319 5002 1460 5100 neforte
1480 5009 1567 5106 quod
1593 5009 1697 5108 dieite
1722 5009 1894 5105 ritatem,
1915 5017 1974 5111 qui
1996 5037 2109 5113 opera.
