4900 5809
363 315 471 417 ιιιΙ
665 402 675 431 ‚
807 304 812 313 '
911 223 1731 417 ioctxvn.oan.t·nst³0T·¹·‘'1
1846 240 1898 417 ·'

348 472 595 570 sequentibus:
635 468 690 548 led
709 476 821 547 omnia
841 478 876 549 in
895 468 1043 549 futurum
1070 472 1234 549 seruantur
1278 483 1312 549 ni
1322 504 1399 566 ,eos
1411 480 1586 579 gratiaDei
1602 482 1636 549 dt
1650 471 1746 545 salue
1757 474 1915 549 excidere.
1941 477 2024 551 Haec
2037 475 2150 547 omnia

293 560 318 600 s
359 573 491 643 incerta.
540 575 574 644 Se
590 575 836 669 enimseiremres
852 627 866 654 ,
891 601 975 647 nune
996 573 1052 672 effe
1061 577 1167 678 jusm
1185 576 1233 651 δι’
1280 577 1410 649 anobis
1426 570 1535 649 doceri
1550 571 1827 649 &neutonam
1844 574 2150 647 novitBellarminua

359 694 470 759 penore
484 674 618 771 dignor,
643 699 709 745 nore
732 669 803 771 ψει
824 696 935 744 verum
955 672 1115 747 omnia'in
1133 675 1232 768 sutu-
1278 700 1377 771 quam
1396 671 1467 747 suos
1483 672 1622 772 digitos,
1647 695 1705 759 eut
1720 674 1907 769 ignotum
1927 672 2079 746 andadtrt
2095 695 2150 753 aa·

245 812 248 817 .
353 762 436 838 'rtem
455 772 577 842 ineerta
589 766 731 865 servari.
782 767 877 938 Relp.
898 767 1051 869 agnoscat
1076 798 1155 843 vero
1184 772 1233 843 vul
1280 774 1473 845 lutnniatut?
1502 772 1805 862 a.)Dicimuscum
1817 770 2152 854 Chemnitio‚locuns

358 864 492 975 tanderp
519 866 766 959 Bellarminus‚
799 890 964 966 rugatam·
989 869 1231 940 translationem
1280 868 1369 943 illum
1393 868 1571 967 invulgata
1594 865 1825 941 verfionenon
1847 871 1934 940 redte
1954 863 2018 939 else
2041 866 2152 939 reddi·

202 980 205 985 ’
312 1004 315 1009 ·
358 961 658 1038 discedeteafonte
675 966 825 1058 hebraeo,
844 969 935 1064 quod
950 988 1057 1039 tamen
1072 986 1137 1037 tam
1153 969 1231 1038 itte·
1281 988 1370 1046 turn,
1398 995 1471 1039 eum
1488 972 1521 1037 in
1544 970 1660 1038 Graeco
1673 964 1812 1061 legatur:
1841 958 1991 1051 nteit&
2005 965 2149 1060 ἐξιλασ-

357 1085 420 1136 nue
436 1083 541 1160 negat.
557 1065 1232 1149 HebraeahabenteEtiamamorem,etiarn
1279 1065 1333 1154 aa?
1347 1063 1395 1160 pai
1419 1062 1582 1169 eistad&
1603 1063 1679 1183 pirae
1698 1061 1728 1140 ἐι
1749 1056 1965 1160 πλιοιωμῷ
1994 1055 2150 1166 πραθεῖ-

236 1163 256 1247 .'
357 1164 466 1231 odiam
482 1164 690 1258 nesritliomo.
716 1164 853 1262 Vulgata
872 1163 965 1262 legit:
990 1164 1100 1258 Nescit
1120 1165 1232 1245 lustru,
1280 1194 1333 1243 rer
1359 1163 1534 1267 ἁμαρτίας
1563 1162 1627 1261 id).
1651 1161 1851 1266 a‘reapriure.
1907 1166 1963 1236 De
1988 1168 2152 1261 propitia-¹

357 1272 467 1331 utrum
482 1265 553 1332 odio
573 1262 623 1333 uel
639 1285 748 1332 amare
767 1265 938 1366 dignasse
955 1288 968 1343 ;
992 1283 1023 1332 at
1040 1268 1073 1332 in
1089 1264 1230 1333 Hebraeo
1280 1271 1364 1339 tione
1377 1291 1415 1336 ne
1426 1268 1498 1366 sne
1513 1263 1682 1362 timorist
1704 1268 1737 1332 in
1751 1267 1952 1334 aboridantia
1971 1268 2014 1332 ad
2030 1267 2151 1333 adsim

358 1355 444 1429 nulla
474 1356 511 1426 fit
534 1357 696 1455 dignitatis
731 1364 863 1431 mentio.
920 1357 1060 1443 Hebtaa
1097 1361 1230 1430 habent:
1279 1370 1358 1436 dam
1370 1375 1504 1458 pestate
1527 1364 1677 1454 pereatis.
1726 1361 1784 1431 Vel
1808 1380 1842 1430 ut
1864 1357 2017 1447 Vatablus
2042 1356 2153 1431 reddi·

253 1496 256 1499 *
359 1455 482 1530 Omnia
497 1458 687 1557 antesarier
704 1481 834 1539 eorum,
852 1459 1041 1554 (utlltias)
1058 1454 1107 1537 uel
1123 1460 1230 1528 ameria
1280 1461 1425 1533 dit:.De
1440 1463 1533 1532 venia
1553 1485 1592 1529 ne
1610 1461 1651 1558 ss
1666 1462 1802 1530 nimium
1810 1459 1969 1552 straena,
1987 1471 2026 1529 eet
2038 1482 2151 1551 perra·

356 1566 496 1625 anteros
507 1554 600 1648 sant.
616 1562 635 1653 (
650 1575 686 1627 ut
700 1559 861 1654 Pagninus
876 1563 910 1631 ἀ
929 1556 1114 1631 Miinllerus
1130 1574 1232 1629 verte·
1279 1575 1316 1633 ta
1336 1563 1473 1654 pereatis
1500 1561 1647 1629 mmttles.
1697 1559 1920 1650 Contionatus
1941 1560 2048 1654 iraque
2071 1580 2152 1626 con·

326 1728 330 1741 ¹
357 1652 452 1740 tunt)
469 1650 607 1749 Vulgata
621 1654 716 1751 lpgit:
743 1655 865 1726 Omnia
883 1655 1079 1749 infuturum
1091 1653 1230 1748 seruan-
1280 1675 1329 1731 tra
1348 1651 1509 1729 carnalem
1526 1652 1746 1735 securitatem,
1769 1656 1893 1749 nequis
1912 1656 2055 1727 cumulet
2076 1677 2152 1749 per-

357 1762 415 1824 tur
437 1753 585 1837 ineerta,
609 1769 640 1843 at
662 1757 694 1823 in
711 1751 856 1828 Hebraeo
874 1752 959 1822 nulla
982 1751 1019 1823 fit
1035 1757 1159 1824 mentio
1180 1750 1230 1822 fu·
1279 1781 1349 1828 cata
1375 1754 1442 1828 fine
1469 1750 1682 1849 penitentia,
1719 1752 1793 1826 ideo
1819 1755 1893 1848 quia
1919 1751 2085 1850 proposita
2112 1748 2152 1825 fit

357 1863 435 1918 tutae
451 1849 694 1920 incertitudinis.
743 1851 866 1951 Omnia
886 1863 962 1922 ante
977 1874 1028 1921 eos
1036 1851 1139 1944 sunt,
1163 1851 1234 1923 hoe
1278 1855 1501 1953 ptopitiatio.'
1534 1850 1599 1943 3.)
1626 1858 1722 1926 Hanc
1739 1856 2038 1946 interpretationem
2068 1874 2152 1920 eon·

227 1947 229 1951 ’
355 1947 422 2032 ost,
447 1946 556 2017 eoram
570 1943 726 2045 adspedlu
746 1967 879 2020 externo
896 1955 932 2023 dt
951 1946 1073 2041 judicio
1098 1951 1231 2021 tationis
1278 1969 1379 2024 textus
1401 1948 1566 2022 manifeste
1580 1952 1707 2046 probat.
1732 1974 1764 2024 v.
1782 1973 1812 2028 4.
1837 1949 1890 2020 Νι
1910 1952 2056 2028 dixeris,
2077 1971 2153 2041 pet·

252 2050 255 2059 '
318 2098 322 2141 3
348 2046 470 2118 omnia
482 2040 641 2141 aequaliter
655 2050 805 2141 eveniunt
826 2048 997 2126 omnibus,
1022 2044 1087 2118 five
1111 2051 1156 2142 pii
1171 2044 1232 2121 ltnt
1279 2054 1367 2130 ratri,
1390 2048 1437 2124 ΕΤ
1452 2048 1665 2148 quidsallum
1681 2048 1722 2150 esi
1736 2047 1812 2121 milii
1832 2046 1945 2140 triste?
1973 2048 2063 2120 Nam
2078 2048 2152 2132 Dp·

356 2140 423 2215 srue
442 2144 559 2236 impii,
585 2147 732 2217 ita'enim
755 2151 788 2215 in
805 2144 894 2219 uersu
914 2149 1061 2239 ptoxime
1082 2143 1231 2242 sequente
1263 2153 1387 2225 ,minus
1410 2145 1452 2242 est
1474 2151 1622 2241 patiens,
1647 2173 1713 2218 non
1736 2158 1767 2217 te
1791 2149 1941 2221 dimittet.
1978 2168 2011 2218 v.
2035 2169 2079 2238 50⁴
2093 2144 2150 2214 De

244 2306 247 2311 ,
357 2238 391 2313 id
407 2263 444 2309 ex
469 2243 589 2314 unitura
638 2246 719 2344 Qae
734 2243 775 2314 d'e
791 2246 957 2316 Cadiarini
980 2251 1015 2316 dt
1030 2241 1158 2316 Caluini
1177 2266 1231 2314 re·
1275 2249 1510 2342 propitiatione
1535 2272 1573 2317 ne
1588 2247 1636 2346 ss
1644 2248 1716 2347 sue
1736 2247 1849 2317 timore
1870 2243 1917 2318 δι’
1918 2269 1943 2314 ι.
1982 2268 2012 2313 v.
2036 2248 2071 2315 6.
2098 2243 2151 2315 Ne

258 2360 263 2368 “
354 2263 578 2434 sponlionibus
594 2338 802 2415 Bellanninus
818 2340 930 2435 addit,
951 2338 1086 2439 judicari
1101 2334 1232 2442 poss'unt
1281 2349 1368 2433 ditas
1386 2344 1547 2437 miseratio
1568 2349 1637 2447 rjus
1659 2346 1781 2419 multa,
1799 2344 2023 2433 multitudinis
2037 2364 2152 2433 perro·

314 2472 318 2477 ’
359 2461 399 2511 ex
412 2432 675 2536 precedentibus.
1096 2458 1115 2497 Ν
1281 2456 1390 2517 torum
1414 2468 1556 2514 aneorum
1577 2443 1782 2529 miserebitur.
1810 2465 1839 2510 te.
1864 2465 1899 2526 7.
1926 2441 2154 2531 Misericordia

356 2564 363 2573 '
598 2526 611 2536 .
1090 2589 1093 2599 Δ
1205 2580 1210 2589 ·
1282 2546 1366 2618 erim
1387 2540 1434 2616 δ’
1450 2543 1503 2615 ira
1516 2547 1604 2634 apud
1619 2542 1722 2636 ipsam
1735 2542 1924 2638 properabit
1939 2536 1987 2613 ξφ
1999 2545 2034 2610 in
2040 2561 2154 2636 perta·

506 2716 510 2729 ,
683 2642 709 2727 l.
723 2637 868 2712 xcvitl.
893 2638 1098 2732 111.)Syrac.
1108 2635 1148 2705 V.
1162 2655 1191 2733 ⁵⁴·
1200 2637 1233 2707 6·
1281 2655 1367 2716 tores
1390 2639 1555 2739 requiescet
1572 2643 1623 2712 ira
1646 2643 1737 2710 illias.
1768 2664 1799 2707 v.
1817 2653 1848 2709 8.
1878 2639 1930 2711 Ne
1949 2644 2058 2711 tardes
2079 2660 2154 2710 ron·

356 2713 403 2798 θ’)
420 2716 582 2813 &retest
632 2739 689 2810 De
698 2740 881 2831 propitiato
891 2749 1021 2829 peceato
1036 2734 1101 2805 noli
1123 2730 1233 2829 eses-
1281 2743 1364 2813 verti
1390 2747 1433 2811 ad
1449 2741 1638 2809 Duritinrtm.
1689 2737 1748 2826 4.)
1774 2738 1961 2833 ignotam
1982 2742 2153 2807 veritatem

356 2800 564 2935 &scamis
632 2860 672 2907 rit
691 2848 807 2910 metu,
844 2859 943 2930 nepae
965 2836 1101 2934 adjicias
1121 2855 1232 2922 prece·
1281 2836 1375 2928 hujus
1399 2837 1665 2930 interpretationis
1695 2832 1821 2932 ipsimet
1844 2832 2026 2905 Pontificu—
2042 2827 2152 2929 Janse-
2197 2858 2198 2866 ¹

251 3016 253 3020 ,
356 2951 564 3037 reserentur.
632 2947 704 3005 tum
718 2932 822 3027 super
838 2947 1033 3026 peccatam,
1062 2935 1110 3010 fid
1131 2931 1232 2998 nedi·
1281 2939 1351 3007 nius
1368 2930 1535 3029 episcopus
1547 2930 1784 3011 Gandaveafis:
1808 2935 1931 3009 Graece
1948 2933 2154 3029 legitursde

629 3055 716 3105 ear:
748 3031 917 3129 Miseratio
946 3032 1083 3102 Domini
1109 3051 1233 3123 magna
1274 3035 1507 3127 propitiatione
1520 3033 1584 3105 nuli
1604 3057 1619 3100 ι
1643 3055 1660 3099 ι
1665 3033 1739 3130 sne
1756 3044 1865 3112 meta,
1892 3029 2152 3129 &intelligitur

354 3136 426 3237 est,
446 3133 663 3209 multitudinis
677 3144 885 3226 peccatoram
911 3153 1054 3202 mearam
1077 3124 1232 3219 neisereli·
1279 3136 1317 3201 de
1335 3133 1503 3201 obtinenda
1528 3128 1607 3201 renti
1639 3153 1696 3199 ane
1714 3133 1836 3223 peceati
1855 3133 2057 3225 perpetrati,
2078 3156 2152 3205 eon·

283 3283 285 3287 -
356 3250 423 3310 tar.
471 3236 536 3306 Ηιι
560 3233 645 3304 lorus
675 3212 812 3328 (induit
835 3227 1077 3316 Bellanninus)
1102 3222 1231 3316 mirifice
1278 3242 1333 3303 tra
1348 3227 1638 3322 praestationem,
1664 3252 1728 3298 noer
1749 3232 1787 3299 de
1798 3232 1979 3326 propitiato
1996 3253 2062 3322 pro
2073 3254 2154 3325 per·

328 3396 331 3401 .
350 3335 474 3433 pungit
491 3332 662 3403 liaereticos
676 3329 774 3430 liujus
792 3331 963 3420 temporie,
988 3327 1047 3423 ips
1058 3329 1141 3396 enim
1152 3346 1231 3415 pro·
1271 3341 1423 3425 patrato,
1438 3338 1476 3396 ut
1492 3329 1627 3424 vulgata
1646 3324 1757 3406 labet,
1782 3331 1831 3397 eui
1846 3341 1955 3399 textus
1974 3345 2151 3428 repugnat·

349 3437 424 3531 pria
448 3430 493 3500 illi
500 3430 585 3523 sunt
592 3477 606 3508 ,
633 3431 706 3523 qui,
730 3428 782 3495 aet
799 3424 870 3518 side
881 3424 947 3518 sbi
967 3424 1024 3523 uis
1032 3424 1117 3517 sunt
1135 3419 1230 3520 susti·
1276 3418 1488 3497 Sacroboscus
1505 3429 1573 3520 (⁴¹)
1590 3448 1672 3519 part.
1689 3426 1744 3491 111.
1760 3420 1881 3495 defens.
1900 3423 2048 3498 Bellarm.
2076 3455 2149 3526 cap.

355 3535 436 3605 tiam
451 3527 567 3621 Clerisli
591 3521 849 3620 adprehendisi,
873 3523 959 3596 nullo
979 3526 1121 3614 deinceps
1142 3531 1229 3590 inette
1277 3531 1308 3591 t,
1326 3529 1352 3612 s.
1377 3520 1514 3598 Rursust
1539 3523 1719 3618 Janseniru
1736 3523 1885 3620 intelligit
1903 3523 1984 3594 inne
1998 3528 2101 3596 locum
2116 3535 2153 3601 dr

354 3640 560 3729 tanguntur,
585 3622 633 3701 67
653 3626 800 3722 qualevis
815 3624 970 3722 adjiciant
989 3632 1155 3712 ‚peecatum
1168 3617 1230 3712 sa·
1269 3624 1409 3720 pareretis
1424 3625 1627 3712 praeteritis,
1645 3619 1868 3695 -Bellarminur
1879 3628 1917 3691 de
1928 3624 2086 3716 saturis,
2091 3627 2153 3720 sed

348 3753 418 3825 pra
439 3735 601 3819 peceatum
614 3772 628 3801 ,
655 3734 780 3815 putant
794 3723 857 3822 sbi
869 3721 1012 3817 salutem
1033 3722 1142 3813 perire
1163 3741 1229 3787 nore
1275 3718 1431 3815 Janfi‘nii
1451 3721 1599 3817 expostia
1620 3715 1661 3813 es
1677 3720 1899 3810 probabilium
1925 3720 2017 3810 (nist
2036 3729 2155 3819 verita:

348 3821 459 3924 posi,
484 3825 562 3926 quia
575 3821 736 3916 miseratio
751 3822 889 3894 Domini
904 3816 1080 3917 magaaesl
1100 3814 1147 3891 dt*
1165 3839 1229 3885 cre·
1275 3821 1314 3892 tis
1340 3814 1498 3889 evidentia
1523 3817 1557 3887 id
1585 3812 1784 3892 Saetobolco
1803 3815 2007 3900 extorsisset,
2034 3821 2153 3894 Bellat-

355 3926 499 4001 dentilrus
514 3946 579 3992 non
599 3923 742 4014 imputat
762 3921 997 3993 multitudinem
1039 3930 1228 3988 erratorum.
1276 3916 1430 3991 minuat,
1452 3919 1539 4004 cujus
1563 3932 1737 4012 patronum
1760 3939 1798 3984 ex
1844 3912 1962 3987 tofetlo
1981 3920 2019 3990 in
2041 3917 2099 3991 illo
2118 3919 2155 3991 li.

333 4023 454 4122 z-Rclp.
486 4019 545 4110 1.)
566 4017 780 4091 Bellarminus·
800 4036 914 4092 eontra
942 3941 1142 4089 cotidianae
1166 4006 1230 4085 luia
1275 4012 1336 4085 bro
1355 4015 1447 4108 agit,
1472 4036 1539 4082 non
1560 4008 1766 4090 deletuillet,
1790 3941 1879 4085 addit
1900 4016 2041 4107 autem)
2061 4019 2154 4090 intel·

355 4119 576 4195 testimonium
591 4132 658 4186 tam
672 4114 769 4188 libere
782 4118 1004 4192 conviciatur,
1019 4115 1112 4185 novit
1128 4115 1230 4190 enim,
1275 4112 1391 4207 ligitur
1423 4112 1469 4181 liic
1496 4109 1581 4180 locat
1603 4113 1640 4181 de
1657 4113 1888 4203 propitiatione
1905 4115 2055 4208 satura,
2081 4116 2153 4189 turn

356 4229 391 4295 δι
417 4220 484 4290 aliis
507 4219 540 4285 in
569 4211 651 4290 loeis
670 4206 785 4288 diserte
799 4213 866 4282 hoo
889 4209 931 4283 do
954 4210 1054 4287 nobie
1080 4210 1230 4287 testatur,
1276 4211 1356 4307 quia
1370 4207 1499 4279 Graeca
1514 4214 1557 4279 red
1576 4211 1704 4278 verbam
1730 4206 1873 4304 expressa
1894 4215 1942 4280 ita
1955 4212 2154 4305 sedabant,

221 4312 224 4322 “
356 4316 446 4418 qnod
463 4318 665 4404 tremamus,
689 4308 790 4386 fidem
809 4307 1036 4406 iustificantem
1056 4333 1124 4381 non
1140 4300 1231 4405 poss'e
1276 4311 1314 4380 de
1327 4310 1558 4401 propitiatione
1577 4309 1640 4378 noli
1661 4303 1717 4402 effe
1729 4307 1800 4404 see
1823 4321 1933 4387 enda,
1957 4323 1997 4380 ut
2016 4312 2154 4413 adjicias

356 4414 485 4488 abonis
501 4410 653 4509 operibus
669 4409 828 4508 separari,
851 4413 965 4500 renatis
986 4413 1021 4481 in
1037 4431 1115 4482 vero
1132 4411 1231 4497 timo·
1271 4418 1405 4499 peccata
1420 4409 1584 4500 peccatis,
1608 4418 1679 4476 tum
1701 4408 1778 4501 quia
1794 4405 1974 4500 seqnitur,
1999 4435 2038 4480 ne
2064 4414 2154 4486 dieas

285 4556 288 4561 ·
357 4540 390 4591 te
413 4504 478 4587 Dei
502 4508 678 4582 vivendum
692 4560 706 4587 ,
731 4533 800 4580 non
814 4501 874 4579 elle
891 4495 1072 4600 adjicienda
1095 4504 1233 4601 peccate
1276 4504 1582 4598 Deurperratorurn
1603 4528 1745 4575 meorum
1764 4505 1971 4601 miserebitur.
2001 4508 2156 4598 5.)de

358 4615 517 4712 peccatis,
543 4631 601 4705 per
615 4623 741 4701 peccata
754 4622 866 4678 eontra
884 4601 1112 4681 conscientiam
1125 4599 1228 4676 fidem
1277 4600 1319 4674 ad
1339 4604 1420 4675 hanc
1435 4602 1542 4676 lucem
1559 4599 1793 4676 Bellatminua?
1817 4608 1958 4701 regerit,
1977 4607 2156 4702 Spraer'dm

320 4768 323 4775 .
356 4720 391 4790 α
411 4712 566 4810 Spiritum
585 4702 727 4781 santium
743 4703 873 4782 excuti.
900 4706 956 4805 qui
972 4702 1143 4804 indulgent
1157 4720 1231 4773 car·
1276 4699 1326 4774 liic
1336 4703 1421 4798 loqui
1442 4705 1480 4772 de
1494 4705 1728 4798 propitiatione
1749 4706 1959 4796 praeterita,
1983 4726 2022 4776 at
2039 4710 2078 4778 de
2088 4709 2156 4805 [ιι.

423 4838 426 4843 ·
1477 4821 1480 4829 “
2073 4819 2162 4881 lura

397 4926 460 5017 ξ’)
489 4890 737 4990 canisroan.
763 4942 784 4989 Α
808 4929 1073 4992 Saonosotoo
1089 4962 1097 4991 .
1112 4924 1228 5001 Jesuita
1380 4914 1598 4993 o'ttetaenrnt
1616 4916 1649 4988 ee
1666 4925 1776 5015 uulgato
1788 4921 1923 5004 versane,
1950 4947 2016 5010 que
2029 4932 2166 4999 Antron·

253 5044 256 5049 ·
426 5032 443 5087 ,ἡ
454 5007 628 5081 Hiberum,
648 5005 743 5072 edidit
756 5005 931 5093 &fersnara
943 5008 1047 5076 aemilii
1067 5003 1227 5070 Triderteim‘
1380 5010 1438 5088 pie
1454 5010 1604 5073 MDCW.
1618 5017 1647 5078 r.
1668 5005 1793 5082 prodiit.
2131 5044 2134 5055 .
2166 5054 2168 5059 .
