4900 5809
332 320 405 408 «γε
552 339 555 344 -
720 257 724 268 ’
874 299 1638 382 tocrxvtt.cantitare-mv.

332 463 469 564 verbim
495 490 530 559 dc
548 479 770 570 sacramenta,
798 482 1052 583 haudquaquam
1074 479 1214 554 excludi·
1252 483 1341 554 tione
1359 481 1484 554 liduciae
1502 484 1671 578 proprium
1685 481 1858 578 ,objtllum
1873 471 1936 557 effe
1951 479 2134 574 cunnum

335 589 432 667 mus,
457 610 516 655 nec
542 576 719 653 absolutam
741 579 907 681 quandam
941 588 1003 654 Dei
1032 575 1214 652 misericor·
1249 580 1491 665 mediatorem,
1514 577 1579 651 five
1613 579 1705 676 quod
1732 582 1821 651 idern
1843 579 1916 653 est,
1950 575 2127 677 specialem

334 681 425 756 diam
440 677 693 757 introducimus,
720 675 772 752 sed
797 674 900 774 τάξει
921 679 1105 753 mediorum
1133 676 1213 748 divi·
1249 676 1311 750 Dei
1336 673 1586 750 misericordiam
1605 679 1638 746 in
1651 677 1782 752 Chtillo
1799 675 1891 751 nobis
1906 675 2126 774 propofitanaJ

335 785 418 854 nitu:
434 779 768 852 con'Iitutotumeam
784 777 967 850 ordinatam
981 771 1044 849 else
1058 773 1211 864 fatemur3
1249 773 1283 844 id
1307 773 1394 872 quod
1421 775 1462 848 ad
1487 793 1554 846 aret
1577 800 1613 845 cx
1635 773 1783 846 omnibus
1809 777 1924 850 diliis,
1950 776 1985 844 in
2006 777 2153 872 quibunt*

336 881 463 950 interim
481 870 643 948 sententia:
661 871 775 948 nostra
794 873 836 946 de
852 875 983 968 objcslo
1006 873 1084 947 fidei
1099 870 1210 966 justifi-
1250 869 1349 944 iidem
1364 877 1395 942 in
1418 801 1487 970 ipso
1511 869 1736 944 'ustificationis
1752 877 1824 944 adiu
1841 869 2033 944 describunt.
2056 875 2127 946 Eo·

337 982 437 1048 canti:
453 999 488 1045 ex
504 999 543 1047 co
560 970 638 1043 nihil
656 973 800 1051 decedit,
824 969 940 1045 sciurus
960 976 1047 1044 enim
1068 994 1129 1042 nos
1154 971 1208 1041 ba·
1249 994 1323 1040 runt
1336 969 1483 1067 quadarn
1497 899 1636 1067 superius
1648 978 1674 1060 §.
1690 995 1767 1041 too.
1779 966 2004 1058 recensuimus,
2016 974 2052 1046 a
2063 965 2124 1044 suo

337 1077 474 1170 priuatos
500 1063 582 1160 csse,
607 1065 720 1141 leima:
742 1075 775 1142 in
794 1070 946 1164 mysterio
973 1094 1071 1142 coenae
1091 1091 1207 1166 corpur
1248 1067 1324 1141 loeo
1342 1066 1431 1165 plura
1452 1069 1732 1142 enutrietabuntur.

335 1179 371 1243 dt
387 1166 572 1270 sauguinem
589 1165 714 1245 Chrilli
733 1193 792 1241 noa
809 1169 1014 1270 participare.
1064 1165 1207 1266 Qando
1497 1239 1500 1244 ,
2099 1259 2106 1274 ἱ

336 1264 543 1363 insytnbolo
565 1260 834 1340 resurreslioncut
868 1264 970 1338 cainis
985 1269 1045 1337 ine
1077 1260 1206 1338 credere
1297 1256 1326 1364 ὃ
1371 1263 1534 1344 CXLIV·
1567 1267 1653 1363 Cap·
1688 1287 1740 1334 ¹0·
1771 1263 1849 1336 Pro·
1895 1257 2141 1358 Rallmrlffl,

360 1369 515 1457 cofiteor,
538 1359 719 1436 nonsolunt
763 1361 919 1450 encralem
938 1381 1144 1434 mortuorum
1157 1385 1207 1435 re·
1249 1357 1314 1434 se'tt
1337 1361 1546 1438 Bellarminut
1566 1368 1665 1436 uarias
1687 1367 1848 1450 rationes,
1892 1341 2125 1442 fidfannhalm

333 1389 570 1536 suscitationem
584 1461 704 1551 credo,
729 1388 783 1534 sd
800 1468 896 1534 etiam
915 1460 1014 1531 ct‘edo
1030 1486 1078 1531 me
1091 1485 1130 1532 ex
1143 1477 1203 1532 ter·
1248 1458 1364 1559 quibus
1380 1459 1579 1534 lidentillatu
1595 1459 1790 1559 specialem(
1803 1462 1850 1532 uti
1895 1421 2125 1566 {mla-2²:

333 1583 388 1634 rc
419 1560 526 1633 uivere
542 1560 623 1630 olim
642 1555 858 1631 resuscitatum
872 1562 923 1630 iti.
937 1557 1008 1644 Job.
1026 1559 1127 1646 XIX,
1144 1583 1201 1653 ²5·
1247 1557 1416 1648 vocat)ex
1441 1557 1553 1631 lodere
1571 1579 1717 1631 conatur.
1729 1562 1757 1631 I.
1753 1563 1779 1653 )
1789 1562 1848 1632 Fi·
1908 1580 2101 1661 smm-

334 1665 371 1734 dr
390 1588 478 1758 sdqq.
505 1656 603 1731 Unde
618 1676 766 1728 notanter
781 1655 904 1729 addidit
926 1658 1087 1752 primitiva
1102 1656 1203 1730 eccle·
1247 1660 1301 1750 des
1320 1657 1356 1726 ira
1378 1584 1461 1728 nisil
1476 1657 1733 1729 aliudrullt'mare
1747 1661 1846 1737 debet,
1897 1657 1999 1758 alra
2018 1661 2102 1725 carlo

332 1754 377 1844 sta
395 1762 427 1827 in
466 1759 709 1828 renunciatione
730 1753 823 1846 liujus
843 1753 992 1825 articuli:
1023 1758 1129 1829 Credo
1152 1780 1202 1825 re·
1231 1754 1308 1854 ¹:tiss
1320 1756 1355 1824 in
1371 1757 1501 1826 uultum
1518 1757 1593 1828 Dei.
1625 1759 1681 1830 At
1702 1758 1735 1826 iu
1751 1761 1845 1828 uerbo
1894 1737 2103 1836 Dffflmrfl‘·

320 1782 554 1955 sttrredloaem
569 1853 665 1954 ltu'jus
680 1858 796 1925 cuais.
825 1853 1003 1949 Gregorius
1022 1854 1076 1928 lib.
1098 1851 1188 1932 XIV
1189 1901 1201 1928 .
1245 1853 1313 1924 Dei
1328 1852 1475 1947 nuspiam
1495 1859 1655 1949 reperitur
1673 1860 1848 1928 annuntia.
1908 1838 2103 1976 mmm

331 1951 507 2027 moraliuu'l
519 1979 589 2049 cap.
611 1975 666 2045 ²9·
680 1951 863 2042 deEuticio
878 1949 1027 2045 episcopo
1043 1954 1202 2025 Constan·
1245 1963 1282 2022 lu
1299 1950 1395 2046 fitlus
1418 1956 1469 2023 uel
1487 1955 1616 2048 remiffio
1635 1963 1841 2048 peccalorum
1915 1981 2091 2061 „mm-

331 2039 547 2149 :inopoii'tlno
570 2046 687 2126 refert,
713 2053 805 2146 quod
828 2052 861 2116 in
882 2071 988 2144 agone
1009 2055 1124 2123 mortis
1148 2074 1202 2120 cu·
1244 2049 1322 2120 milti
1337 2063 1398 2120 aut
1415 2051 1459 2121 illi
1476 2055 1510 2126 iu
1522 2054 1736 2146 particulari,
1759 2079 1846 2126 exce·

331 2167 398 2222 tem
429 2129 584 2219 :nanuum
614 2145 855 2244 adprehendens
890 2149 1032 2220 dixerit:
1074 2149 1199 2221 Credo,
1239 2151 1309 2246 plis
1333 2151 1520 2243 quibusdam
1542 2155 1664 2246 paucis.
1713 2155 1810 2250 Ergo
1831 2157 1947 2256 reliqui
1965 2181 2032 2228 rtota
2057 2155 2133 2258 trist.

328 2255 414 2346 quod
429 2253 462 2317 ia
482 2249 539 2317 luat
557 2271 651 2318 tarne
667 2245 867 2344 resurgemus
888 2268 1001 2316 omnes.
1050 2249 1096 2316 lta
1119 2271 1202 2344 quo·
1244 2259 1359 2316 terruere
1375 2275 1422 2341 po
1450 2264 1509 2320 ant
1530 2257 1653 2320 credere
1670 2259 1824 2348 {utiquam
1851 2278 1891 2324 rx
1910 2259 2003 2326 tabo
2024 2257 2117 2336 Dei,

329 2345 541 2444 qucquando
559 2363 765 2440 peccatorum
782 2337 997 2412 remissionem
1021 2344 1200 2415 mecrcdc·
1233 2345 1297 2442 fibi
1313 2350 1391 2428 renti
1417 2372 1468 2416 ue
1493 2375 1508 2418 e
1522 2363 1663 2441 peccata.
1699 2349 1795 2445 Resp.
1811 2352 1959 2449 generale
1978 2351 2118 2429 includit

328 2467 364 2515 re
382 2444 565 2540 profiteor,
590 2441 714 2511 donum
738 2437 814 2508 illud
840 2457 874 2506 ut
899 2442 1048 2513 omnibus
1068 2466 1142 2513 vere
1166 2444 1199 2511 in
1243 2437 1333 2512 suum
1352 2439 1491 2540 speciae.
1522 2441 1611 2614 gam
1628 2469 1706 2518 vcro
1722 2448 1880 2546 generalia
1895 2449 1962 2522 sunt
1978 2446 2037 2522 seri
2065 2461 2130 2524 mi

328 2537 495 2614 Chrillum
512 2539 784 2618 credentibus,ita
804 2534 928 2610 &mihi
946 2543 979 2605 in
998 2536 1128 2611 ecclesia
1150 2563 1198 2610 re-
1241 2564 1283 2610 te
1299 2544 1473 2613 enunciata.
1556 2547 1657 2630 mnis,
1678 2549 1732 2640 qui
1747 2547 2020 2622 creditinFilium
2070 2555 2113 2634 el,

329 2637 471 2738 positum
492 2633 574 2718 else,
598 2643 704 2733 &per
719 2633 817 2705 fidem
836 2634 908 2704 actu
930 2633 1071 2707 conferti
1088 2638 1197 2709 credo.
1239 2637 1332 2710 harbel
1352 2637 1455 2709 uitam
1482 2655 1665 2729 annnam,
1689 2643 1762 2729 Joh.
1789 2646 1852 2723 III.
1883 2658 1937 2721 16.
1988 2649 2114 2724 om

326 2737 472 2810 Christ&
509 2754 659 2807 ῦῡῐᾶῦῑῦῐ
688 2737 877 2826 pronunciat
905 2733 975 2818 lob·
1006 2733 1105 2812 XVI·
1137 2755 1194 2811 23.
1233 2737 1410 2829 prophetat
1425 2740 1633 2836 lesliatoaiam
1642 2741 1808 2836 perlibrat
1827 2745 1907 2817 Cltri
1932 2771 1973 2825 o,
1998 2753 2115 2822 remit·

258 2835 262 2854 '
325 2837 434 2910 Amet:
452 2836 626 2905 artum-dito
651 2833 759 2906 uobis,
786 2833 932 2925 quitquid
947 2835 1106 2925 petieritis
1128 2837 1197 2906 Pa·
1228 2835 1559 2933 flonerapectatorum
1574 2844 1774 2934 attipaerepar
1790 2847 2113 2945 uoateaejuroumen

325 2946 409 3006 :rem
424 2934 457 3003 ia
472 2933 696 3017 nominem,
719 2930 806 2998 dtrbit
824 2931 921 2998 uoltis.
975 2939 1047 3018 Jam
1064 2956 1141 3002 vero
1158 2958 1194 3005 ex
1238 2937 1293 3028 qui
1312 2938 1444 3004 tradunt
1461 2941 1493 3007 ia
1518 2962 1607 3022 etum,
1632 2938 1704 3008 Δᾶ.
1718 2937 1764 3014 Χ.
1782 2962 1838 3020 43.
1864 2943 1931 3015 Sub
1952 2946 2014 3020 hac
2038 2953 2112 3018 uni-

323 3028 481 3101 mandato
503 3039 538 3102 δι
562 3027 756 3099 inliitutione
780 3027 896 3096 Christi
922 3032 1058 3124 petimus
1085 3034 1195 3100 remit-
1238 3029 1345 3100 verini
1367 3025 1520 3104 subsutnit
1540 3041 1690 3132 cujusque
1703 3036 1784 3109 fides
1804 3040 1838 3108 in
1854 3035 1977 3139 specie,
1995 3070 2035 3115 ac
2049 3069 2107 3142 gc.

321 3126 446 3200 sionem
473 3149 717 3225 peccatorum,
758 3122 892 3194 eandem
921 3129 1019 3223 igitur
1055 3123 1193 3197 firmiter
1235 3125 1389 3198 neralibua
1405 3129 1666 3224 promissionibus
1678 3127 1832 3232 e'v'angclii
1845 3163 1904 3236 per
1917 3136 2020 3214 sidem
2033 3147 2112 3238 qui·

321 3225 454 3298 eredere
482 3223 644 3298 debemur.
694 3221 797 3294 Viduo
825 3243 959 3313 autem,
991 3248 1057 3322 quo
1082 3225 1191 3294 tendat
1238 3224 1404 3298 liberter:
1421 3232 1489 3324 pius
1513 3223 1545 3300 l'e
1570 3225 1669 3330 ipsum
1692 3232 1836 3304 includit.
1886 3239 2107 3337 Quemadmo.

319 3321 557 3409 Bellartninut‚
589 3323 744 3393 nimirum
770 3321 857 3416 quod
885 3318 924 3390 ad
957 3315 1190 3393 sacramentum
1235 3322 1312 3394 dum
1327 3327 1423 3421 igitur
1444 3326 1492 3396 lex
1508 3327 1638 3400 moralis
1657 3334 1965 3429 peccatiquemlibct
1982 3341 2015 3408 ia
2033 3335 2105 3437 spe.

319 3424 534 3520 punitentia,
560 3443 617 3518 per
633 3420 721 3513 quod
739 3411 907 3487 confertur
923 3417 1063 3489 remiiiio
1078 3443 1191 3515 pccca-
1234 3424 1282 3490 cie
1305 3426 1466 3494 convincit
1492 3451 1549 3521 pet
1569 3425 1750 3523 generalem
1775 3429 1862 3502 illam
1893 3427 2109 3513 sententiani:¹

320 3515 525 3603 tomntillis,
572 3521 603 3585 ui
621 3517 690 3610 post
711 3510 902 3607 baptismum
925 3513 1000 3610 lapli
1026 3515 1112 3592 lunt,
1141 3541 1189 3588 rc.
1232 3519 1425 3590 Maledillut
1444 3528 1564 3605 earnis,
1591 3528 1647 3620 qui
1664 3527 2044 3630 nonfacerit,quaestri
2081 3559 2106 3612 a

317 3619 487 3713 quitantur
507 3542 726 3711 dispostione:
750 3619 784 3684 dt
814 3607 1037 3684 satisstdiiones
1057 3615 1186 3700 nostra,
1221 3616 1307 3710 sicut
1322 3619 1447 3689 inlibru
1464 3623 1561 3721 legis:
1588 3625 1683 3696 Dcut.
1699 3623 1852 3706 XXVII.
1869 3638 1923 3700 26,
1950 3633 2021 3706 Gal,
2072 3639 2101 3718 1,

317 3709 493 3810 dequibus
509 3717 591 3783 'cum
608 3730 762 3809 perpetuo
784 3710 927 3781 dubitare
944 3737 982 3780 co
1007 3737 1120 3791 amur,
1147 3741 1185 3786 an
1238 3738 1290 3783 to.
1315 3720 1460 3812 quamvis
1482 3725 1646 3792 neminem
1673 3727 1706 3792 in
1732 3719 1836 3820 specie
1855 3734 2030 3806 nominet:
2056 3741 2101 3810 ita

314 3812 380 3887 fiat
396 3807 599 3896 strfficientet,
612 3809 687 3890 ideo
702 3807 825 3909 semper
839 3737 1050 3882 dubitandum
1068 3809 1130 3884 asse
1144 3813 1185 3886 de
1232 3812 1429 3910 evangelium
1460 3818 1611 3894 omuibus
1641 3824 1676 3894 iu
1699 3821 1864 3898 Christum
1895 3829 2101 3908 credentibua
2120 3913 2125 3922 ,

314 3906 739 4006 remiffioncpeccatorum.
789 3906 849 3978 Sed
866 3906 1181 3983 detotahacrcali·
1228 3916 1400 3983 annunciat
1429 3936 1634 4011 peccatorum
1667 3919 1914 4006 remiffionetn,
1948 3937 2099 4024 quamvis

314 3999 348 4082 lt
364 4007 425 4079 late
442 4004 502 4078 fuit
521 4005 653 4078 dictum.
707 4006 794 4078 Huic
817 4029 1007 4103 argumento
1030 4033 1068 4077 ex
1095 4003 1180 4101 synt·
1227 4011 1338 4080 itidem
1354 4015 1386 4080 itt
1400 4007 1502 4108 specie
1517 4021 1680 4089 nerninem
1702 4023 1857 4094 nominet.
1882 4023 2099 4128 Adde,quod

311 4103 394 4177 bolo
417 4101 598 4200 aposlolico
619 4108 721 4200 petito
752 4101 840 4172 addit
865 4103 1071 4175 Bellarminus
1093 4111 1178 4178 varia
1225 4105 1290 4200 ipsc
1318 4108 1525 4185 Bellartninus
1561 4116 1787 4211 particularem
1822 4118 1974 4217 agnoscat
2000 4149 2098 4226 argu·

308 4222 435 4302 pattum
449 4200 651 4288 testimonia,
676 4196 728 4272 sed
745 4225 781 4270 ca
796 4199 908 4274 nolirae
927 4195 1084 4272 sententiae
1109 4231 1176 4275 non
1227 4209 1327 4275 utenti
1343 4203 1389 4277 sui
1403 4213 1624 4310 miaprempcr
1644 4214 1778 4287 adducit
1804 4219 1946 4316 attripla
1970 4249 2100 4302 eontra·

307 4298 538 4374 adversantur,
551 4295 728 4395 loquuntur
745 4301 832 4370 enirn
848 4297 888 4366 de
905 4297 969 4368 lide
986 4303 1105 4374 ratione
1118 4330 1177 4374 no·
1227 4303 1295 4389 ria,
1311 4305 1455 4377 uidelicet
1468 4315 1657 4407 paralytici,
1683 4316 1874 4393 Martian.
1890 4343 1921 4388 2.
1946 4313 2111 4412 percurri-⁹

307 4401 406 4510 titia:
429 4399 556 4470 iuterim
572 4419 638 4466 uon
653 4416 789 4496 negant,
815 4392 892 4468 fidei
908 4387 1101 4490 justificantis
1125 4429 1175 4474 ra·
1222 4404 1287 4484 ris,
1314 4403 1388 4475 Luc.
1408 4403 1491 4482 Vll.
1523 4433 1577 4488 50.
1602 4415 1793 4502 adulterae,
1815 4417 1887 4502 tou.
1910 4415 2012 4500 Vlll.
2024 4445 2097 4596 zap:

405 4673 550 4736 carlorum
560 4672 677 4756 ,syatboli
691 4676 868 4762 paraphrafin
886 4677 938 4762 ips
948 4682 1084 4748 tradidit:
1108 4685 1171 4750 Cre·
1319 4691 1402 4752 etiam
1419 4689 1549 4753 damires
1559 4689 1678 4763 labam
1700 4695 1744 4764 sed
1758 4691 1813 4754 Dei
1841 4685 1997 4760 uraita'atara
2012 4705 2098 4764 im

404 4754 439 4814 da
457 4755 629 4833 rumffonem
646 4777 823 4837 peccatoram.
867 4765 932 4822 Nau
947 4767 1020 4844 stitis
1040 4769 1076 4843 est
1095 4790 1122 4827 ae
1141 4775 1171 4829 ia
1319 4788 1380 4832 aaut
1399 4773 1456 4847 est:
1474 4795 1507 4834 ar
1532 4778 1644 4842 credas,
1664 4776 1716 4837 rili
1733 4796 1782 4835 tua
1801 4795 1908 4857 pictate
1925 4785 2037 4840 remitti
2054 4780 2105 4846 b·-

418 4837 630 4907 ttterecretlere,
651 4840 742 4900 Deum
757 4839 931 4920 quidusdam,
952 4845 1073 4911 Dar-ili,
1086 4847 1169 4906 Petro
1300 4869 1407 4914 ,oratus
1421 4853 1464 4928 ſss
1487 4860 1521 4914 de
1536 4856 1650 4932 juslt'rio
1676 4877 1732 4918 rate
1755 4853 1823 4932 fidei
1851 4859 1887 4923 θ’
1908 4857 1999 4940 fitlttrc
2027 4879 2091 4924 m

451 4914 511 4978 eliis
520 4915 574 4997 fita
587 4935 694 4998 percara
716 4928 874 4991 rtaalmre,
895 4917 974 4985 ultra
998 4933 1069 4986 euim
1084 4925 1168 5004 fiderat
1311 4930 1582 5000 Gratianum.
