4900 5809
639 303 1557 448 nemetimseououumoeueum
1709 417 1723 471 s
1924 391 1997 473 ης

294 544 494 640 studeamus:
530 548 690 645 Consulite
718 550 920 645 conscientias
940 549 1072 649 amiras,
1117 575 1189 624 cens
1207 549 1255 627 θ’
1266 550 1435 648 peseiia,
1459 576 1499 623 ex
1512 550 1644 645 eafiene
1665 551 1769 646 operit
1785 573 1826 623 ae
1845 559 1999 646 temporie

294 653 377 726 Iete,
402 653 456 721 ulei
477 651 656 719 abundauit
678 649 848 727 deliiium,
864 649 1070 746 superabun-
1116 655 1240 724 domno
1261 654 1338 722 milei
1356 646 1526 746 resarcio:
1551 652 1600 721 iiie
1624 651 1724 744 paiio
1756 657 1998 732 conuentionis,

294 745 316 816 Γ
326 751 454 846 gratia.
488 749 606 818 Maria
624 771 688 819 non
698 751 885 842 praetendit
903 752 1069 826 meritum,
1116 749 1314 845 eopiaeito
1334 751 1509 822 uoluntatis
1533 752 1614 820 inito
1641 754 1732 818 credo
1770 748 1843 823 &a
1891 752 1997 822 Serm.

294 849 408 917 cutiam
430 850 567 943 quaerit.
617 848 654 917 In
671 839 757 917 festo
776 851 927 918 omnIum
943 847 1070 919 sandio-
1148 846 1463 926 x11.in·canc.c01.
1482 871 1563 928 555.
1590 849 1698 943 Paffio
1718 859 1779 918 tuo
1796 845 1933 922 Domine
1948 851 1999 919 ui·

294 943 378 1017 ferm.
400 946 426 1022 I.
445 943 507 1018 col.
528 966 610 1022 224.
664 946 757 1040 Quid
770 944 874 1042 potest
887 942 944 1043 effe
964 950 1069 1018 omnic
1115 950 1232 1017 timum
1247 947 1437 1047 refugium.
1451 947 1622 1047 singulare
1642 950 1835 1025 remedium,
1856 946 1998 1040 defitien-

294 1071 301 1113 ι
309 1044 437 1142 seqiitia
456 1068 565 1115 coram
576 1041 677 1114 Deo?
693 1059 797 1114 nonne
811 1047 915 1144 juxta
929 1044 1068 1140 propie-
1113 1045 1338 1140 testepientia,
1354 1045 1486 1147 jusitia
1511 1071 1576 1118 non
1592 1044 1788 1141 sufficiente,
1805 1045 1998 1143 ficudiitatit

294 1144 360 1214 eiut
370 1168 505 1239 pannus
523 1140 739 1238 meeqiruatae
760 1143 993 1237 reputabitur?
1021 1144 1069 1219 fe·
1102 1145 1382 1240 succumbentibus
1401 1148 1521 1217 meritis
1536 1146 1589 1215 iliu
1601 1146 1778 1241 succurrit.
1811 1149 1895 1242 Quis
1915 1149 1998 1217 enin

294 1242 365 1316 cette
386 1246 557 1336 'indiceturf
573 1241 691 1341 injusta
707 1243 888 1312 inuenietur
900 1246 1069 1344 omnicju·
1114 1242 1224 1338 desua
1239 1245 1291 1315 uel
1302 1245 1492 1339 sapientia,
1517 1245 1568 1314 oei
1580 1244 1736 1344 justitia,
1762 1244 1998 1341 oetstznttteocc
2020 1323 2024 1334 ,

306 1367 347 1417 no
375 1368 415 1414 ra
440 1339 488 1415 δ’
510 1344 617 1411 minuc
640 1338 794 1410 itabens?
821 1341 910 1436 Quia
931 1365 1009 1440 ergo
1032 1345 1069 1413 de
1107 1343 1300 1438 praesumat
1313 1339 1548 1440 sufficimtiam
1575 1349 1619 1414 aci
1635 1342 1804 1438 fielutem,
1833 1343 1906 1420 &n
1937 1343 2000 1444 nist

294 1443 420 1528 uerit,
441 1444 571 1536 quando
590 1463 629 1508 ne
646 1438 716 1534 ipfit
732 1442 858 1534 quidem
872 1464 938 1534 pra
958 1441 1069 1536 sepo·
1111 1441 1437 1541 inempeiietstunguis
1457 1456 1535 1513 tuuc
1543 1468 1609 1539 pro
1626 1467 1695 1523 me,
1709 1440 1825 1536 saquc
1838 1440 1998 1536 nonsume
2080 1501 2083 1509 .

294 1564 317 1611 ἰ
326 1543 468 1634 pondere
473 1535 637 1640 justitia?
659 1549 833 1631 propterca
860 1539 973 1610 obnixe
995 1563 1069 1610 cum
1114 1543 1217 1613 δοται.
1234 1541 1316 1614 LIII.
1330 1543 1366 1612 in
1383 1543 1508 1615 Centic
1527 1539 1592 1612 col.
1609 1550 1691 1623 675·
1721 1540 1999 1656 Nspumtimbut
2086 1549 2091 1559 '

294 1651 346 1710 eta
371 1640 577 1711 clamantes:
618 1636 697 1708 Non
718 1640 819 1707 intret
848 1641 884 1708 in
906 1641 1068 1739 judicium
1113 1642 1245 1712 adeum
1260 1638 1460 1735 (cainum)
1484 1645 1522 1712 de
1542 1637 1662 1737 Chresti
1682 1637 1818 1728 merit'u',
1838 1653 1879 1710 ut
1897 1639 1997 1731 secun

294 1737 364 1808 iruo
379 1752 437 1809 tuo
460 1739 622 1816 Domine,
644 1748 716 1808 tuta
737 1735 917 1807 humilitate
943 1742 986 1808 ad
1006 1742 1069 1809 mi·
1107 1737 1348 1833 praestrueret,
1364 1738 1468 1832 fluum
1482 1743 1622 1818 diceret,
1636 1743 1722 1835 quod
1736 1741 1821 1811 iliius
1834 1734 1905 1836 effet
1921 1752 1998 1810 tan·

294 1840 394 1908 rdiam
408 1858 616 1908 recurramus
636 1885 649 1911 ,
673 1834 832 1930 quaesoiu
840 1836 943 1934 potest
954 1835 1070 1932 salua·
1115 1861 1302 1933 quaererem
1319 1840 1433 1930 capitis
1450 1841 1644 1909 membrum:
1668 1841 1744 1935 Ego
1758 1863 1833 1910 uero
1845 1836 1998 1930 fidenter,

294 1939 373 2008 imas
385 1934 521 2032 ncqirus.
550 1938 588 2005 In
607 1931 718 2032 psalm.
736 1941 792 2029 qui
813 1933 957 2011 habitat,
971 1932 1069 2011 serm.
1116 1941 1202 2031 quod
1214 1961 1255 2007 ee
1271 1961 1321 2007 me
1333 1935 1410 2007 mite·
1422 1935 1521 2031 defi,
1546 1936 1666 2032 usurpo
1682 1961 1722 2008 ex
1736 1938 1903 2032 visceribus
1921 1940 1997 2012 Do-

294 2033 323 2108 cI.
338 2057 381 2111 30
388 2056 417 2111 3.
442 2036 506 2118 Tu,
520 2035 670 2114 Domine,
678 2057 710 2104 ec
714 2033 793 2129 spec
808 2056 899 2111 mea,
912 2032 986 2106 itaer
1003 2059 1071 2108 una
1113 2037 1194 2106 mini
1217 2035 1292 2112 &u
1343 2038 1456 2107 Meum
1482 2039 1619 2130 proinde
1650 2038 1803 2106 meritum
1832 2036 1996 2131 miseratio

294 2137 424 2205 emnium
435 2133 674 2229 promiffionum
693 2132 811 2226 eausa,
837 2130 913 2203 itaet
927 2145 998 2203 totu
1013 2159 1070 2205 ra·
1114 2134 1262 2216 Domini
1312 2134 1390 2206 Non
1407 2135 1508 2227 plane
1518 2133 1599 2229 sune
1617 2138 1725 2206 meriti
1744 2139 1858 2229 inope,
1881 2160 1996 2232 quam·
2026 2227 2029 2232 ι

294 2257 337 2306 ute
353 2232 603 2330 exspeiiatiunic.
654 2233 856 2303 Praetendat
876 2232 957 2302 aiter
975 2237 1070 2304 meri·
1114 2235 1170 2302 diu
1186 2233 1236 2304 iile
1250 2233 1492 2326 miserationum
1506 2235 1695 2328 nonsuerit.
1747 2236 1887 2330 Quodsi
1904 2234 1996 2329 misi·

296 2330 456 2429 sustinere
477 2330 510 2427 se
518 2328 623 2431 satiet
640 2332 770 2423 pondus
795 2332 858 2398 diei
878 2329 925 2403 θ’
945 2331 1068 2420 nesius,
1112 2335 1274 2415 etcocdc'ue
1298 2335 1430 2405 Domini
1466 2333 1613 2410 inuitae,
1639 2331 1761 2403 multus
1785 2333 2020 2426 niiciiominut¹

294 2455 337 2502 cre
355 2434 402 2501 ieie
423 2433 458 2501 in
468 2428 606 2522 sabbato
622 2433 733 2506 dicat,
752 2427 914 2521 postremo
931 2453 995 2500 non
1013 2428 1069 2527 effe
1114 2453 1172 2526 ego
1188 2430 1268 2524 stem
1295 2434 1330 2502 in
1350 2432 1493 2507 meritis,
1522 2430 1595 2505 &u
1644 2433 1694 2501 Et
1704 2431 1742 2529 st
1761 2432 1995 2528 misericordiae

294 2543 426 2602 caeterae
441 2528 778 2625 nominesgtortctor;
797 2527 996 2599 mittentem
1013 2534 1072 2599 ad·
1113 2531 1253 2602 Domini
1268 2531 1308 2599 at
1322 2541 1455 2600 aeterno
1473 2528 1521 2604 Εἴ
1535 2529 1634 2625 usque
1664 2533 1700 2600 in
1721 2543 1908 2607 ueternum,
1935 2554 1994 2628 ege
2033 2538 2036 2547 '

294 2654 320 2701 ‘e
332 2633 407 2703 Dea
420 2631 535 2700 bonum
550 2624 612 2722 est,
630 2649 751 2718 ponere
777 2628 813 2698 in
834 2630 976 2699 Domino
996 2628 1072 2699 Deo
1112 2652 1237 2726 quoque
1261 2628 1492 2723 nuiscricordias
1511 2629 1648 2700 Domini
1668 2631 1704 2699 in
1727 2641 1895 2699 aeternum
1919 2653 1996 2700 eun·

294 2754 404 2801 meam
455 2731 592 2820 Sperent
609 2728 643 2794 in
663 2725 736 2795 aliis
760 2724 817 2796 otte·
836 2723 910 2800 &a
932 2740 1072 2821 propter
1113 2730 1199 2798 tabo.
1226 2727 1389 2823 Numquid
1400 2727 1550 2826 jusiitias
1570 2725 1683 2799 meac?
1708 2730 1852 2801 Domine
1877 2751 1996 2798 necato·

294 2832 344 2900 nia
358 2822 697 2919 detrimentaseei,&
713 2834 752 2893 ut
755 2822 901 2921 stercora
914 2828 1072 2915 arbitror,
1112 2829 1209 2897 rabor
1220 2820 1368 2927 justitiae
1389 2839 1465 2896 tuae
1482 2828 1607 2920 solius:
1640 2826 1710 2921 ipfie
1730 2829 1815 2897 enine
1840 2827 1889 2902 if
1908 2844 1994 2900 mete.

294 2953 340 2998 een
370 2939 409 2997 tet
438 2925 580 2995 Domine
607 2946 640 2993 ec
654 2922 732 3016 spec
754 2948 825 2995 mea
843 2922 915 2998 &u
965 2925 1071 2996 Plane
1112 2925 1217 3001 Setun.
1239 2923 1368 2993 LXVII.
1396 2927 1429 2995 in
1446 2927 1542 2999 Cucct.
1564 2922 1625 2996 coI.
1648 2933 1731 3002 696.
1782 2929 1859 3024 Ego
1881 2925 1993 2999 duone

294 3026 453 3121 trelinquit
458 3022 628 3118 sperantes
644 3023 678 3090 c‘n
681 3021 742 3115 se,
769 3024 940 3125 adjuvabit
955 3047 1005 3093 eos
1021 3023 1069 3097 ΕΤ
1112 3047 1202 3100 tneo,
1228 3019 1276 3096 &a
1293 3023 1426 3095 ditemus
1444 3050 1538 3095 meuc
1558 3021 1645 3095 mihi.
1700 3021 1769 3096 Gur
1790 3028 1839 3095 ita
1861 3023 1879 3093 ,9
1905 3050 1994 3096 neen-

302 3149 326 3196 a
346 3123 585 3220 peccatoribus,
603 3120 801 3215 &seciuabit
827 3144 907 3191 eos:
938 3120 1069 3216 quare?
1104 3134 1204 3215 peut
1225 3133 1301 3192 tunc
1320 3125 1428 3220 magis
1448 3127 1565 3221 gratia
1586 3122 1686 3216 plena
1700 3124 1742 3216 se
1755 3129 1892 3216 prabet,
1918 3149 1992 3194 cum

294 3220 472 3294 emeritis?
498 3222 595 3304 audi,
609 3224 695 3314 quod
708 3218 883 3317 sequitur‚·
910 3220 1070 3316 quiasqee·¹
1110 3233 1216 3290 totum
1273 3224 1360 3292 atiae
1378 3225 1499 3294 dederit
1519 3221 1566 3296 Ed
1578 3221 1836 3317 primasseiiicet
1854 3223 1899 3292 iili
1908 3247 1993 3318 par·

294 3334 347 3394 unt
370 3325 405 3392 in
424 3345 458 3390 eo
475 3370 489 3397 ,
510 3319 608 3389 dulcis
631 3318 748 3413 eausa,
773 3331 955 3390 attamene
986 3345 1068 3409 tax,
1110 3330 1156 3389 tec
1178 3325 1222 3400 ad
1238 3320 1361 3390 cribene
1391 3319 1439 3395 Εἴ
1468 3319 1634 3396 ultimas,
1664 3321 1807 3416 alioquin
1834 3326 1992 3414 quomode
2100 3391 2103 3396 .

294 3445 331 3492 en
358 3417 621 3516 irrefragabilis,
647 3420 804 3490 nimirum
822 3417 898 3489 Ieuec
917 3442 934 3488 e
971 3414 1069 3518 jusii-
1107 3422 1224 3516 gratia
1235 3419 1345 3511 piena,
1343 3421 1380 3518 s
1388 3421 1466 3515 quid
1481 3421 1641 3498 babuerit,
1651 3423 1735 3514 quod
1745 3445 1809 3494 uon
1808 3420 1856 3518 st
1865 3437 1904 3489 cx
1909 3445 1992 3516 qra-

294 3518 334 3590 ’ee
342 3543 425 3616 quae
437 3542 476 3589 etc
480 3516 552 3610 fide
567 3515 628 3611 est,
639 3541 703 3587 non
719 3541 801 3613 quae
814 3518 942 3615 exlege.
960 3521 1066 3589 Setm.
1109 3514 1184 3586 tia?
1198 3515 1335 3611 nonest,
1348 3543 1411 3614 quo
1420 3523 1535 3615 gratia
1552 3522 1673 3603 intret,
1685 3519 1739 3587 ubi
1748 3522 1825 3619 jam
1840 3523 1992 3589 meritum

294 3618 308 3687 I.
328 3638 413 3697 ³05·
435 3617 527 3687 Dicit
533 3614 634 3709 fides,
648 3615 866 3709 paratasunt
881 3639 1003 3712 magna
1019 3615 1067 3689 ἔθ’
1106 3617 1282 3707 occupauit.
1293 3615 1466 3714 Ergojam
1476 3619 1574 3709 plena
1589 3618 1731 3709 eoaseffio
1744 3621 1876 3715 gratiae
1892 3621 1991 3718 ipsus

294 3717 445 3818 gitabiiia
471 3718 554 3784 bona
578 3738 599 3783 a
622 3719 696 3787 Deo
705 3714 858 3808 fidelibus
871 3713 965 3805 suis:
992 3717 1068 3784 dicit
1106 3715 1240 3810 gratiae
1248 3712 1477 3806 plenitudinem
1484 3714 1653 3812 fignificat
1667 3721 1702 3784 in
1716 3721 1827 3786 anima
1842 3721 1992 3804 conlitea-

307 3816 385 3888 miin'
413 3814 467 3885 itte
478 3811 681 3906 seruantur,
708 3837 787 3883 nanu
814 3813 911 3882 tertia
941 3814 1068 3907 quidem
1111 3814 1188 3881 tis:
1224 3808 1303 3904 deest
1320 3815 1479 3908 gratioe,
1505 3816 1663 3908 quidquid
1686 3817 1810 3884 meritis
1834 3819 1991 3909 deputas,

295 3925 332 4003 t',
358 3938 478 3988 turra,
513 3917 563 3983 ait
580 3964 594 3992 ,
620 3918 664 3983 ad
686 3912 750 3981 ilia.
774 3913 878 3981 Setun.
903 3910 977 3982 XV.
1001 3907 1067 3981 coI.
1112 3910 1183 3980 noio
1209 3912 1389 3992 meritum,
1426 3917 1513 4008 quod
1537 3914 1687 4010 gratiam
1716 3912 1891 4004 excludat,
1915 3912 1993 3987 &m

296 4014 372 4086 Hoc
401 4025 507 4084 totum
537 4010 672 4082 leontinis
701 4014 883 4087 nutritum,
909 4010 940 4108 fi
963 4021 1069 4081 totam
1105 4006 1222 4106 gratia
1244 4013 1351 4080 reddit
1373 4027 1422 4080 me
1446 4010 1521 4084 ccciii
1531 4011 1747 4110 justificatum
1758 4015 1869 4109 gratie
1888 4011 1991 4114 &fle

294 4112 386 4203 suam
399 4122 507 4206 ponat
523 4113 556 4180 in
572 4136 628 4188 eo,
645 4114 700 4207 qui
714 4107 818 4179 totum
834 4108 990 4180 Ioome'ncm
998 4108 1070 4202 fici·
1108 4110 1278 4178 liberatum
1305 4134 1327 4179 a
1339 4110 1500 4206 seruitute
1511 4114 1644 4203 peceati.
1669 4110 1773 4181 Serm.
1796 4106 1937 4182 LXVIII.
1955 4117 1992 4182 iu

294 4209 377 4285 tecte.
406 4215 507 4283 Scrm.
525 4211 611 4281 XIV.
633 4213 667 4284 In
683 4212 775 4282 Canu
797 4205 860 4279 col.
889 4225 967 4289 528.
995 4214 1070 4280 Ex·
1110 4207 1234 4276 cantic.
1251 4204 1314 4278 col.
1337 4219 1419 4284 698.
1447 4212 1540 4281 Nam
1555 4208 1601 4281 Εἴ
1617 4212 1654 4278 de
1675 4209 1798 4294 astitit
1815 4212 1893 4302 quid
1902 4210 1990 4303 stelli-

294 4299 538 4408 uquantuaqqic
553 4312 690 4383 merita,
715 4306 766 4402 ,ἔθ’
787 4310 898 4379 excottc
907 4306 1069 4401 sudores,
1110 4305 1250 4401 citafit,
1275 4301 1439 4401 (Echc'fio
1451 4306 1469 4397 )
1483 4311 1534 4377 ccci
1557 4312 1595 4375 de
1604 4308 1768 4404 proposto
1785 4309 1852 4378 Dei
1853 4306 1990 4398 firmior

294 4409 356 4507 ·est
376 4409 591 4505 nusmicordia
605 4410 743 4479 Domini
751 4404 854 4501 super
873 4412 972 4480 vitas.
1004 4410 1069 4478 Fa-
1098 4401 1250 4498 suppetit
1258 4402 1465 4499 securiorque
1475 4405 1642 4504 gloriandi
1662 4408 1748 4474 ratio
1772 4405 1819 4480 87
1820 4431 1845 4478 t.
1862 4407 1910 4506 fic
1925 4432 1991 4479 non

307 4535 375 4582 non
387 4509 527 4612 sustinui
551 4512 681 4601 pandus
710 4508 771 4576 diei
792 4505 840 4579 ff
861 4506 964 4602 nesius
981 4543 992 4584 ,-
1008 4505 1069 4600 fid
1109 4502 1152 4598 est
1172 4506 1258 4599 quod
1266 4505 1339 4602 jam
1362 4527 1523 4600 quaeres,
1548 4507 1663 4601 quibus
1685 4508 1808 4576 neceritic
1820 4504 1991 4600 speremus
2060 4507 2065 4514 ’

294 4635 308 4680 u
321 4609 427 4703 suave
452 4606 500 4683 ft*
524 4632 603 4678 onus
636 4607 700 4677 Icue
715 4629 779 4699 pro
800 4606 989 4700 beneplacito
1004 4629 1068 4698 pa·
1110 4604 1212 4680 bona,
1232 4601 1426 4697 praesertim
1446 4629 1518 4675 cum
1538 4605 1653 4674 audiat
1668 4608 1757 4698 apud
1772 4605 1988 4698 prophetam,

294 4710 391 4782 miliae
411 4720 519 4803 porto.
571 4710 666 4800 Oqeuc
694 4728 797 4774 meum
817 4708 875 4776 uix
902 4707 999 4775 unius
1025 4702 1068 4800 est
1108 4725 1172 4772 non
1183 4713 1324 4795 propter
1339 4726 1413 4792 uos,
1428 4705 1489 4801 sed
1501 4717 1638 4796 propter
1652 4727 1702 4772 me
1715 4705 1927 4802 cgofaeium,
1941 4712 1989 4777 di.

295 4864 309 4892 ,
334 4808 525 4910 &fipIuQ
545 4831 629 4898 prae
646 4827 755 4875 amore
771 4804 956 4898 eonsentio.
994 4805 1068 4899 Ju·
1109 4802 1152 4870 cit
1179 4803 1373 4874 Dominus:
1396 4804 1577 4899 Sufficitad
1597 4805 1780 4882 meritum,
1797 4802 1883 4896 scire
1904 4809 1989 4899 quod

300 4911 457 5005 proprias
482 4909 629 4976 exercitet
647 4907 750 4979 uires,
776 4903 852 4974 milei
869 4906 1010 4996 probare
1030 4905 1067 4972 ii·
1111 4925 1174 4969 non
1184 4900 1349 4996 seefficiam
1369 4907 1495 4974 emerita.
1548 4904 1609 4972 Sed
1622 4914 1660 4972 ut
1681 4905 1726 4971 ad
1742 4893 1988 4995 meritun'efiatic

294 5033 361 5105 uuae
369 5008 418 5109 st
433 5005 584 5079 uoluntas
604 5002 739 5078 Domini
759 5005 842 5073 bona
860 5001 907 5078 Εἰ)
926 5001 1067 5099 benepia·
1110 5003 1295 5169 depmmitic
1320 5025 1385 5072 non
1398 5001 1632 5098 praesumere,
1645 5000 1704 5112 ..1st
1727 5022 1835 5071 carere
1864 5003 1988 5192 nqeritic

1209 5117 1268 5166 ²¹
1314 5139 1323 5148 -
1587 5113 1692 5160 ·““··-···
1879 5125 1988 5198 ·ορο-
2100 5142 2104 5150 -
