4900 5809
388 458 390 462 ι
501 376 572 449 DE
594 369 777 476 {CAUSA
806 377 1057 452 EFFICIEN
1066 377 1137 454 TE
1171 382 1693 462 SACRAMENTORUM.
1925 333 2021 478 ²27⁸·

294 573 317 620 a
340 544 520 652 subjungit:
547 549 772 655 Veruntamen
784 560 820 659 st
833 563 905 656 quis
924 563 1013 651 sorte
1029 585 1077 629 ene
1097 575 1101 581 '
1124 566 1218 634 nodis
1248 569 1461 658 potentiorem
1484 564 1561 662 effe,
1583 562 1708 635 adserit.
1758 559 1812 634 De
1844 559 1998 637 Trident.

294 675 302 713 t
335 654 709 749 concitamentum,
740 659 794 727 ubi
828 661 943 730 talium
970 682 1080 728 rerum
1126 662 1266 732 concilio
1296 661 1394 734 exllat
1425 661 1617 733 adcuratum
1641 656 1793 759 seriptum
1822 659 2001 758 protestan-

294 747 346 819 dio
364 749 567 842 vastaretur,
591 780 655 824 non
667 761 929 848 praecedentibus
943 759 1059 827 talibus
1068 805 1080 838 ,
1125 762 1225 838 tium,
1277 785 1320 830 uo
1336 780 1501 858 exponunt
1516 754 1622 830 causas
1639 756 1772 831 recusati
1794 758 1875 831 illius
1892 765 2000 833 conc?-

294 871 344 916 um
364 848 555 941 sententiam
564 853 660 947 sequi
673 854 816 936 malle-m,
831 868 961 954 urgeret
979 866 1016 925 ut
1034 858 1081 924 di·
1123 853 1170 929 lii.
1225 786 1282 950 αδ
1309 862 1393 929 Cum
1410 858 1736 957 Augustinurdicat,
1756 863 1927 951 petendam
1941 856 1999 956 effe

294 971 329 1024 e,
354 950 432 1041 quid
450 951 514 1044 ipsc
524 950 703 1045 sentirem:
728 954 763 1021 Se
778 977 812 1022 eo
829 961 921 1025 modo
937 953 1082 1049 arisebins
1124 956 1345 1028 revelationem
1361 962 1398 1026 de
1412 958 1566 1051 baptismo
1581 957 1775 1055 joculariter
1797 960 1919 1028 admini
1944 981 2001 1028 ra·

294 1070 318 1123 t,
334 1068 405 1139 quo
431 1071 550 1137 eram,
579 1074 649 1120 cum
669 1048 902 1145 istadibiarem
917 1089 942 1129 ,·
961 1075 1082 1148 nequa·
1124 1065 1175 1138 to,
1202 1052 1338 1149 testate*
1359 1080 1424 1129 non
1448 1055 1504 1149 effe
1519 1066 1642 1126 certum
1665 1082 1705 1127 cx
1719 1056 1898 1152 scripturis
1914 1108 1928 1137 ,
1953 1079 2001 1128 an

294 1167 308 1211 e
332 1145 539 1224 dubitarem,
573 1147 685 1219 labere
710 1173 763 1219 aas
784 1152 1001 1244 baptismum,
1025 1153 1082 1245 qui
1114 1151 1326 1245 fiacraneeato
1337 1154 1504 1248 requirant
1519 1157 1722 1225 intentionem
1731 1153 1877 1250 minqlri.
1902 1149 2001 1250 Resp.

294 1265 385 1336 mque
403 1243 450 1316 Εἰ
463 1270 484 1314 a
504 1249 739 1343 quibuscunque
757 1248 837 1318 illud
859 1253 962 1319 verbis
984 1273 1081 1318 euan-
1125 1274 1193 1320 non
1209 1253 1380 1348 querimus
1399 1249 1555 1322 hocloco
1581 1253 1620 1324 de
1636 1250 1793 1349 baptismo
1809 1254 1947 1324 mimico
1963 1258 1999 1325 dr

295 1364 311 1409 r
326 1341 539 1432 eonstcratum
546 1347 618 1443 fine
627 1346 688 1439 sua
689 1347 895 1445 simulatione
911 1347 958 1421 85
971 1349 1082 1442 aliqua
1126 1349 1282 1439 joculari,
1300 1343 1352 1419 sed
1366 1346 1407 1417 de
1423 1344 1582 1444 baptismo
1598 1355 1631 1421 in
1648 1347 1931 1442 usuccelefiastico
1942 1348 2000 1420 ad·

294 1435 354 1520 fide
368 1438 568 1538 aceepiffeat,
583 1444 657 1519 &c
680 1446 763 1514 Item
777 1449 966 1537 praeteritis
981 1447 1083 1543 majo·
1127 1445 1308 1517 minillrato
1329 1450 1416 1540 juxta
1437 1444 1557 1515 Christi
1573 1449 1821 1524 institutionem,
1841 1445 1898 1518 ubi
1922 1472 2000 1546 pro-

300 1534 439 1631 statatis
463 1565 528 1610 eron
561 1545 671 1611 dubito
686 1546 782 1637 etiam
804 1545 871 1612 illos
890 1544 1005 1614 babere
1026 1545 1082 1612 ba·
1128 1562 1201 1640 pter
1226 1539 1394 1615 desectum
1423 1544 1609 1617 intentionis
1632 1543 1815 1616 sacramenti
1839 1548 2000 1642 integrita-

294 1657 389 1711 tum,
422 1641 476 1732 qui
497 1644 645 1733 quamuis
665 1641 827 1735 fallaciter
848 1645 881 1710 iol
905 1644 1082 1735 accipiant,
1126 1665 1196 1714 tem
1212 1665 1279 1713 non
1293 1636 1496 1725 labefactari,
1509 1642 1705 1735 Augustinus
1726 1637 1891 1716 manifeste
1910 1638 2000 1716 adse·

294 1733 376 1832 creſsa
390 1746 498 1806 tamen
511 1740 690 1831 accipiant,
706 1739 756 1809 uel
773 1742 824 1808 ubi
833 1752 979 1833 putatur
995 1740 1082 1808 eccle·
1127 1743 1179 1811 rit.
1229 1744 1313 1828 Qtae
1328 1741 1368 1811 de
1382 1734 1543 1836 baptismo
1567 1736 1621 1811 sub
1642 1738 1834 1810 conditione
1854 1759 2001 1837 repeten-

294 1831 389 1909 bcis,
412 1835 445 1901 in
467 1859 604 1930 quorum
613 1836 766 1931 fietietate
788 1840 822 1906 id
843 1843 1023 1933 acciqoitur,
1045 1840 1083 1905 dc
1127 1838 1174 1909 do
1188 1837 1399 1930 Bellarminus
1416 1836 1524 1916 addit,
1541 1832 1635 1909 suum
1657 1837 1732 1908 alibi
1747 1836 1868 1909 habent
1883 1838 1999 1909 locum.

294 1930 461 2000 aedilium
478 1932 542 2023 est,
567 1958 606 2004 ex
625 1936 714 2005 nobis
735 1940 890 2007 exierunt.
948 1938 1084 2008 Ubiau·
1127 1938 1220 2007 Idem
1245 1936 1438 2031 Augustinus
1462 1932 1516 2005 lib.
1539 1937 1562 2003 1.
1590 1954 1702 2006 contra
1724 1933 1829 2006 literas
1855 1932 2000 2006 Pestlian'i

294 2029 535 2123 nequestnietas
547 2033 612 2101 ulla
630 2030 701 2129 effet
717 2035 764 2120 ita
781 2037 999 2121 credentium,
1026 2056 1081 2102 ne·
1129 2059 1199 2129 cap.
1219 2054 1251 2108 3.
1293 2037 1326 2101 Si
1342 2030 1530 2126 conscientia
1553 2036 1661 2103 dantis
1683 2034 1873 2128 baptismum
1898 2047 2002 2104 attene-

294 2126 362 2202 ille,
387 2133 442 2220 qui
468 2133 622 2223 accipiet,
649 2136 697 2200 ita
718 2136 879 2212 crederet,
905 2133 958 2221 sed
981 2143 1084 2201 totum
1129 2135 1220 2201 ditur
1235 2185 1248 2211 ,
1259 2130 1307 2223 fit
1312 2129 1407 2224 fialae
1426 2131 1479 2199 illo
1486 2129 1672 2223 spiritualis
1691 2136 1821 2204 incerta.
1859 2136 1942 2228 Cap.
1967 2156 2000 2210 4.

294 2248 328 2293 re
339 2225 387 2299 df
399 2231 519 2296 ntimice
534 2227 581 2301 sy'
588 2230 780 2327 joculariter
791 2244 960 2327 ageretur,
973 2242 1085 2298 utrum
1130 2229 1300 2323 Cutnficri
1310 2228 1421 2321 pensili,
1445 2232 1492 2296 ita
1509 2226 1563 2324 effe
1578 2231 1793 2324 conscientiam
1813 2235 1942 2308 dantis,
1964 2240 2003 2297 ut

295 2326 438 2395 obaeedccs
462 2324 532 2423 effet,
554 2327 759 2423 baptismus,
787 2334 842 2424 qtci
859 2331 910 2429 fc
929 2332 1083 2400 daretur,
1119 2327 1275 2421 scelerosa
1299 2338 1396 2421 atque
1410 2326 1621 2426 eeeanuosastt
1637 2328 1685 2401 bs
1698 2329 1752 2398 ltoc
1766 2332 1892 2425 ignoret
1913 2351 2002 2399 acte·

294 2443 358 2490 tum
370 2426 530 2522 judicium
545 2450 610 2518 pro
630 2428 769 2528 alicujus
791 2428 992 2499 revelationis
1010 2448 1088 2494 ora·
1124 2435 1268 2520 pturus,
1294 2423 1589 2519 coccseqacnterfit,
1612 2440 1650 2495 ut
1663 2425 1740 2518 spes
1755 2450 1878 2522 quoque
1897 2423 2009 2520 bapti·'
2070 2483 2074 2488 .

294 2526 437 2591 oratioue
451 2524 685 2616 ienplorandetm
700 2521 758 2620 effe
770 2526 945 2622 censerem,
970 2526 1017 2592 ita
1025 2521 1086 2617 sa·
1129 2528 1201 2594 zati
1222 2546 1310 2594 uana
1325 2522 1373 2595 δ’
1388 2524 1494 2592 inanis
1510 2523 1633 2620 existat.
1659 2524 1742 2620 Cap.
1757 2547 1790 2607 7.
1823 2523 2001 2596 Donatilli·

294 2617 451 2714 tpefinee
465 2619 784 2715 clibittrorscntentias
795 2673 807 2699 ,
818 2626 848 2722 fi
858 2626 936 2722 quid
944 2626 1017 2721 jam
1031 2645 1087 2690 ex·
1131 2645 1172 2690 co
1189 2620 1265 2691 huic
1287 2623 1390 2689 errori
1407 2620 1448 2689 de
1468 2618 1662 2692 attendenda
1682 2620 1878 2695 conscientia
1900 2626 2003 2692 dantis

294 2729 379 2785 atam
400 2717 448 2792 Εἴ
472 2724 634 2815 cognitum
650 2721 821 2816 adserens,
845 2723 1006 2794 inutiliter
1031 2744 1087 2789 ex·
1129 2723 1268 2815 opponit
1297 2718 1381 2788 laune
1408 2716 1577 2813 tegulam:
1605 2722 1704 2812 Saepe
1722 2719 1799 2790 mibi
1821 2719 2003 2816 ignntaest

294 2813 396 2886 'arena
445 2818 525 2885 Hac
540 2818 808 2915 ,lugullmus'pto
830 2819 916 2891 solita
941 2814 994 2888 sua
1016 2841 1087 2886 mo·
1128 2818 1272 2887 bumana
1287 2814 1479 2909 'conscientia
1493 2868 1506 2896 ,
1520 2816 1580 2911 sed
1606 2818 1807 2926 certassem
1828 2823 1866 2888 de
1886 2817 2002 2905 Cbrifli

294 2920 328 2982 ia.
356 2911 564 2985 Bellatminus
574 2920 692 3011 regerit
705 2915 813 2986 locum
827 2916 996 3013 Augustini
1009 2939 1088 2984 con·
1128 2915 1353 3010 misericordia.
1381 2912 1507 3005 (ldem
1532 2913 1573 2983 de
1598 2919 1775 2985 intentione
1791 2916 1926 2985 minillti
1954 2917 2004 2985 di·

294 3003 425 3081 toselle.
479 3012 534 3106 t.)
551 3014 635 3083 Cam
650 3014 854 3113 Augcqlinus
871 3017 982 3093 dicat,
1003 3013 1090 3098 seca
1128 3014 1270 3083 cendum
1289 3009 1374 3101 eli.)
1401 3006 2003 3103 Chrysollomushom.LXXXV.in

294 3105 491 3203 edubitaffe,
518 3115 594 3207 qnia
614 3114 647 3183 in
663 3118 893 3187 eructo-coneilio
913 3137 963 3182 res
980 3110 1090 3204 defini·
1128 3111 1200 3195 ]oh.
1234 3110 1329 3180 Deus
1350 3109 1582 3203 manserit,
1598 3110 1749 3202 fiacerdos
1783 3115 1929 3210 linguam
1955 3110 2003 3185 ἔθ’

295 3231 378 3276 neem
404 3220 511 3279 antem
531 3223 601 3279 'reete
624 3214 658 3279 ia
682 3213 807 3283 concilio
831 3211 1018 3295 Florentino
1041 3205 1101 3281 ἔφ’
1129 3231 1245 3279 manus
1261 3211 1417 3303 praebet,
1443 3229 1542 3302 neque
1567 3212 1650 3278 enim
1664 3208 1792 3308 justum
1815 3207 1857 3301 efl
1865 3223 2005 3304 propter

294 3309 412 3376 lentieeo
438 3309 570 3403 decisam
591 3307 657 3406 effe
701 3299 1011 3406 Respselugullinus
1027 3328 1090 3403 pto
1128 3308 1263 3379 alterius
1281 3306 1439 3377 enalitiam
1455 3310 1498 3375 ad
1511 3302 1651 3398 flnlutcm
1665 3306 1806 3396 nostram
1826 3312 2005 3379 accedentes

294 3425 307 3469 a
325 3402 375 3471 sut
393 3407 549 3477 modestia
562 3408 785 3478 definitionem
798 3408 840 3478 ad
850 3402 1024 3478 concilium
1041 3428 1090 3474 re·
1128 3406 1257 3503 effendi.
1281 3402 1490 3476 Bellarminus
1501 3407 1637 3499 regerit,
1645 3408 1863 3500 probitatem,
1878 3430 1943 3475 non
1958 3408 2006 3475 in·

294 3547 309 3576 e
332 3500 463 3574 interim
486 3499 780 3576 sententiantium
802 3533 871 3577 non
893 3501 1091 3579 dissimulat,
1128 3505 1300 3576 tentionem
1332 3500 1468 3597 minssri
1498 3504 1630 3575 excludi.
1689 3507 1731 3573 At
1758 3499 2006 3598 Chrysollomue
2052 3540 2053 3544 ¹

294 3597 369 3670 timo
384 3595 467 3672 adeo
483 3626 521 3671 ex
543 3603 749 3674 inllitutionis
764 3610 895 3676 veritate
909 3609 943 3674 be
962 3605 1091 3672 certitu·
1130 3603 1163 3670 in
1185 3623 1302 3697 genere
1320 3599 1463 3696 loquitur
1486 3608 1521 3670 be
1545 3600 1613 3669 duo
1637 3624 1827 3697 argumenta
1856 3596 2007 3698 profert,

303 3719 399 3792 ‚pon
416 3724 456 3769 ex
468 3701 639 3771 hominum
664 3698 727 3773 five
746 3701 892 3772 dantium
916 3698 982 3770 stre
1005 3699 1093 3769 acci·
1131 3723 1202 3791 quae
1216 3721 1284 3767 non
1301 3695 1404 3767 solum
1448 3698 1614 3784 sanitaris,
1639 3699 1692 3769 sed
1710 3700 1806 3768 etiam
1822 3702 2008 3768 intentionis

298 3800 378 3865 tiam
397 3821 591 3894 quacunque
608 3797 658 3869 vel
677 3800 829 3896 qualitate
843 3795 893 3865 vel
915 3799 1093 3866 intentione
1130 3791 1347 3866 nereditatem
1362 3721 1543 3864 exclddunt.
1595 3797 1656 3888 1.)
1681 3797 1768 3864 Deus
1793 3793 1839 3866 ell
1862 3819 1942 3864 unus
1961 3789 2010 3863 sa·

317 3896 512 3984 metiendam
541 3894 602 3967 else
624 3903 791 3967 veritatem
818 3897 1093 3991 &integritatem
1133 3910 1375 3963 crementorum
1395 3893 1576 3968 Dominus,
1602 3896 1688 3966 &in
1712 3894 1870 3963 iieomnia
1893 3888 2010 3963 efficit:
2044 3923 2050 3928 ·

294 3989 391 4066 :ismi,
419 4010 453 4063 ut
470 4009 511 4063 ne
526 3992 656 4087 quidem
671 3994 711 4064 de
731 3998 862 4064 mimica
879 3986 934 4062 seu
958 3989 1094 4082 joculari
1133 3990 1215 4063 nihil
1229 3992 1331 4089 igitur
1354 3988 1500 4062 efficiunt
1520 3985 1721 4072 sacerdotes,
1744 3986 1798 4060 sed
1814 4013 1938 4061 tantum
1952 3987 2012 4060 lin-

294 4111 352 4160 nne
369 4093 580 4186 pronunciare
595 4089 684 4164 ausit.
735 4093 838 4181 Qrod
862 4089 1005 4159 conciliis
1027 4112 1096 4157 non
1136 4112 1233 4186 guam
1249 4089 1402 4186 prebent.
1450 4087 1655 4159 Sacramenta
1672 4113 1740 4161 non
1757 4086 1826 4158 sunt
1848 4089 2012 4174 hominia,

294 4190 368 4255 terit
388 4186 581 4285 Augustinus
596 4189 810 4262 authenticam
824 4199 856 4261 ἕ(
876 4187 1034 4281 scripturis
1052 4183 1096 4255 sa-
1161 4192 1191 4255 ui
1206 4209 1244 4257 ea
1265 4180 1442 4283 dispensat,
1469 4179 1525 4255 scd
1547 4189 1676 4272 Dei‚in
1700 4192 1789 4275 cujus
1802 4191 1938 4257 nomine
1962 4182 2013 4252 di·

301 4306 412 4380 parem
433 4287 683 4366 auetoritatem,
710 4287 795 4386 patet
807 4309 845 4360 ex
858 4283 929 4355 libr.
945 4287 1000 4354 111.
1016 4307 1095 4353 con·
1136 4212 1333 4381 spensantur.
1385 4307 1419 4356 a.
1431 4286 1445 4371 )
1459 4284 1492 4350 Si
1512 4276 1709 4355 sacramenta
1722 4283 1783 4351 ulla
1798 4286 1920 4352 ratione
1935 4305 2014 4378 pen·

299 4381 435 4453 Maxim
458 4407 526 4479 cap.
556 4379 609 4461 t'a.
641 4388 696 4456 ubi
719 4411 786 4456 non
810 4401 903 4483 urget
928 4381 1097 4455 decretasti
1137 4387 1253 4454 derant
1272 4405 1290 4449 a
1309 4382 1479 4458 ministro,
1503 4402 1572 4450 tum
1588 4378 1684 4476 ipsius
1708 4379 1832 4450 malitia
1851 4374 1925 4451 esset
1947 4375 2015 4448 aliie

294 4475 812 4577 :iliiNicaeni,sedscripturarum
828 4481 1098 4559 concatenata
1138 4481 1273 4553 damno.
1335 4480 1416 4551 Haec
1447 4469 1657 4548 fundamenta
1685 4494 1857 4549 moverunt
1878 4475 2021 4548 umbros

294 4599 340 4645 tus
361 4578 493 4648 Nieaena
511 4575 648 4671 synodus
664 4581 831 4652 decretum
848 4578 942 4650 suum
957 4578 1098 4650 deduxit.
1140 4577 1221 4649 stum
1236 4577 1451 4649 Catltarinum
1466 4569 1758 4676 archiepiscopum
1766 4569 2014 4658 Minoriensem‚

294 4676 373 4749 .·.11.
394 4673 434 4745 de
448 4672 606 4772 baptismo
620 4702 690 4775 cap.
707 4699 741 4752 a.
793 4681 826 4750 C
823 4680 935 4747 ancilia
949 4678 1099 4771 planaria
1141 4699 1245 4746 unum
1262 4700 1300 4746 ex
1323 4674 1465 4773 patribus
1480 4671 1612 4744 concilii
1633 4675 1785 4744 Trident.
1805 4688 1840 4742 ut
1862 4668 2017 4762 seriptum

294 4796 357 4858 tra,
380 4763 475 4843 c'tiam
489 4778 676 4873 regionalia,
689 4799 710 4847 a
717 4775 944 4874 posterioribus
958 4779 1102 4845 emenda·
1144 4771 1303 4869 peculiare
1320 4773 1427 4844 ederet
1443 4770 1483 4842 de
1496 4774 1673 4843 intentione
1687 4768 1835 4843 minillri.
1868 4772 1904 4839 ln
1917 4795 1959 4839 eo
1973 4768 2020 4837 di-

297 4863 417 4942 scribit.
442 4872 629 4943 Athanasius
648 4871 702 4945 lib.
727 4875 768 4944 de
784 4869 894 4968 synod.
918 4876 1102 4943 Arimin&
1145 4874 1277 4965 stinguit
1302 4867 1467 4965 duplicem
1490 4872 1731 4948 intentionem,
1764 4891 1863 4938 unam
1874 4868 2021 4963 faciendi
2134 4949 2142 4962 ·

294 4983 358 5045 ac,
364 4991 398 5066 p¹¹
414 4977 507 5067 [673.
528 4974 672 5044 diuinam
679 4968 882 5069 scripturam
898 4970 1104 5067 omnibusfip
1137 4971 1328 5138 fimplq'citer
1343 4966 1460 5072 abia-m·
1471 4979 1657 5056 externam,
1683 4965 1867 5066 quemfecit
1885 4964 2023 5132 ecclqiua,
2060 4989 2063 4998 ·

294 5089 300 5105 .
1278 5090 1298 5136 ἢ
1943 5086 1964 5134 a
1991 5086 2023 5133 n.
