4900 5809
728 371 797 443 oe
821 313 1036 466 finitus,
1068 366 1594 466 sectentur-onon
1652 392 1660 408 r
1966 390 2040 470 ase
2147 339 2155 358 ’

234 550 321 627 niel,
348 544 502 645 bodiefi
524 556 709 626 eonnteair.
758 549 822 625 Sed
844 548 903 623 illae
928 544 1120 718 diffundo·
1156 549 1305 645 quiedam
1323 549 1496 624 habuerint
1512 551 1675 628 adneatnn
1689 551 1830 628 verbnm
1851 495 2038 650 promisio-

235 675 290 724 nee
307 648 582 723 Scholasticotutn
599 644 727 721 sublata
745 645 817 722 suat
832 654 865 720 in
880 651 976 721 conci
991 653 1023 719 io
1046 645 1116 717 Flo
1157 654 1216 734 nis,
1232 647 1425 747 eoptoinde
1439 674 1492 724 cxc
1517 676 1615 748 erunt¹
1629 653 1729 726 lidesn
1743 702 1757 730 ‚
1783 676 1818 720 ut
1835 649 1960 749 fignunt
1984 655 2041 719 isi·

231 751 363 820 reatino
383 769 469 817 anno
491 767 594 827 1439.
617 742 674 820 sub
697 772 779 844 papa
801 749 967 846 Eugenio,
992 751 1030 815 in*
1047 769 1115 845 quo
1157 748 1206 819 dis
1221 746 1334 819 dotum
1353 752 1453 824 Noe,
1479 679 1607 849 tignum
1623 756 1707 825 toris
1723 755 1758 821 in
1772 748 1888 823 vellere
1905 748 2039 823 Gideo·

233 844 295 918 tale
311 843 479 920 decstnttn
496 842 641 917 editum:
668 848 880 920 Sacramenta
902 849 1055 940 antiquae
1073 845 1116 914 le·
1157 845 1229 922 nis.
1256 845 1385 945 lignum
1400 851 1437 924 ia
1451 846 1636 922 reversione
1655 849 1728 923 solie
1750 849 1865 923 datum
1885 849 1925 920 ab
1945 843 2037 919 Elaia

230 947 285 1043 gir
307 968 372 1016 stou
396 941 574 1035 taufitbant
589 949 760 1041 gratiam,
775 945 837 1041 sed
852 969 923 1015 earn
932 943 1041 1039 fislasn
1052 965 1117 1037 per
1155 948 1228 1040 trgi
1252 941 1406 1017 Ezechiae
1419 998 1433 1026 ,
1465 941 1551 1047 quse'
1564 941 1687 1022 fuerint
1720 973 1793 1022 vera
1818 944 2036 1020 atramenta:

233 1042 405 1141 paffloaent
423 1039 540 1135 (bristi
556 1047 699 1115 dandam
711 1041 768 1142 effe
772 1043 992 1144 figurabant,
1007 1042 1115 1135 nestra
1183 1040 1311 1116 undant
1329 1037 1411 1116 nero
1433 1069 1502 1116 aon
1522 1045 1691 1118 habuerint
1721 1045 1878 1121 adnexam
1898 1038 2037 1142 promil-

234 1129 311 1215 oerd
329 1141 523 1239 novaelegis
549 1140 596 1217 θ’
610 1147 771 1216 continent
787 1146 954 1243 gratiam,
973 1141 1020 1217 δ’
1041 1164 1113 1212 earn
1159 1070 1317 1232 donem
1343 1160 1379 1212 ut
1403 1167 1519 1214 omnes
1538 1149 1731 1220 ceremonia
1752 1144 1895 1241 legales,
1922 1143 2038 1239 quibo'e

234 1244 332 1339 digne
347 1237 595 1336 suscipientibus
618 1245 800 1339 conserunt.
828 1240 1014 1312 Ooaciliunt
1029 1238 1114 1310 Tri-
1160 1239 1370 1337 expiabantur
1398 1241 1568 1321 homines,
1595 1239 1716 1320 velles,
1741 1244 1853 1320 sedet,
1881 1269 1950 1340 qua
1969 1267 2038 1311 non

233 1338 326 1412 deut.
343 1339 471 1408 breuius
485 1345 520 1410 de
536 1336 699 1414 obscurius
715 1343 757 1415 de
771 1344 833 1413 hac
848 1338 1023 1437 quaestione
1041 1361 1116 1435 pro·
1161 1330 1285 1409 fuerint
1298 1362 1362 1435 pro
1386 1344 1434 1427 rie
1449 1334 1657 1413 luctamenta.
1694 1345 1742 1414 Ex
1757 1342 1818 1410 hac
1832 1341 2037 1413 dillinltione

234 1440 388 1515 nunciam
413 1426 482 1508 sels.
499 1437 570 1508 Vll.
587 1463 662 1518 can.
679 1465 713 1514 a.
752 1444 787 1512 bi
809 1443 881 1534 qais
905 1435 1116 1532 dixerit‚sa·
1160 1435 1294 1507 Lntberi
1315 1365 1524 1512 eelermnnt
1545 1436 1688 1537 colligit,
1712 1439 1894 1512 Lutlserum
1903 1439 2038 1537 srujira

234 1547 403 1607 eramenta
422 1537 619 1637 novaelegis
631 1562 655 1611 a
662 1539 880 1635 sacramentis
899 1539 1053 1631 antiquae
1072 1536 1116 1606 le·
1162 1533 1267 1606 inuebi
1280 1537 1316 1605 ia
1330 1536 1586 1640 Analaptistae·,
1612 1543 1699 1634 qaod
1718 1563 1785 1609 uon
1794 1541 1871 1632 plus
1889 1543 2053 1610 tribuant.

231 1635 288 1732 gis
304 1659 369 1705 nost
389 1631 540 1730 differre,
565 1637 626 1736 nist
641 1641 719 1734 qnia
733 1639 927 1712 ceremoniae
931 1632 1016 1730 sant
1032 1634 1116 1707 aliae
1158 1632 1327 1732 baptismo,
1340 1658 1439 1732 quasa
1451 1636 1623 1710 lotionibus
1632 1638 1794 1751 judaieis,
1818 1663 1890 1710 sam
1912 1636 2041 1734 ipsimet

237 1730 288 1808 θ’
328 1734 386 1806 alii
424 1736 509 1805 ritus
542 1741 695 1814 externi,
734 1735 906 1811 anatliema
938 1734 989 1836 fit
1019 1733 1071 1828 (*
1085 1732 1117 1822 ).
1162 1755 1228 1804 noa
1251 1733 1390 1808 mullum
1410 1738 1535 1806 tribuat
1551 1735 1736 1830 baptismo,
1761 1760 1835 1810 cun
1862 1741 1975 1807 iridens
1995 1736 2041 1808 illi

235 1828 447 1903 bellarminus
470 1833 524 1906 lib.
542 1837 583 1905 11.
609 1834 652 1906 de
672 1831 808 1907 sacram.
829 1858 898 1931 cap.
929 1856 981 1912 ta.
1007 1835 1119 1904 recitat
1163 1855 1201 1902 ae
1222 1854 1303 1902 aare
1330 1856 1393 1904 non
1413 1846 1589 1914 vereatur:
1614 1838 1726 1926 item,
1748 1841 1961 1929 paradoxum
1984 1838 2042 1907 lsor

232 1926 480 2014 distindiionesn
496 1931 628 2004 Ludteri
651 1938 686 2004 in
700 1933 773 2012 libs.
790 1934 833 2004 de
853 1947 936 2028 cept.
953 1928 1064 2025 Babyl.
1087 1953 1118 2001 c.
1164 1856 1249 2027 eilde
1268 1933 1353 2026 quod
1367 1932 1509 2034 eonfiat
1521 1958 1587 2029 pro
1594 1931 1810 2027 fisrrarnentis
1821 1937 1982 2010 lsolsendae
1995 1936 2042 2004 lo·

234 2025 281 2102 de
296 2022 475 2128 baptismo,
500 2031 584 2103 inter
598 2030 666 2104 duo
680 2056 799 2131 genera
815 2028 1003 2128 lignorum,
1028 2025 1119 2128 quod
1162 2034 1266 2103 tiones
1272 2033 1447 2130 judaieae,
1460 2057 1566 2132 agam
1575 2031 1753 2130 pastlsalis,
1766 2034 1857 2130 sueri
1878 2035 1953 2107 'siat
1969 2057 2043 2108 coa·
2148 2047 2153 2056 '

582 2175 585 2180 -
1210 2160 1212 2164 ’
1677 2189 1680 2194 .
1985 2143 2043 2203 tra

340 2304 703 2384 pennumfuisseaneo
722 2310 888 2374 institutam
902 2310 935 2371 in
953 2307 1120 2372 temedium
1199 2349 1202 2356 ,
1265 2306 1375 2391 figuret
1389 2307 1507 2392 gratia,
1527 2328 1615 2392 quam
1639 2313 1713 2374 novi
1733 2309 1846 2373 testem.
1866 2307 2050 2375 sacraenenta'

252 2401 254 2406 ·
343 2388 456 2463 peccati
478 2389 656 2471 originalis,
677 2406 766 2473 atque
789 2411 826 2450 est
849 2391 939 2472 ipso,
960 2407 995 2451 ut
1017 2390 1121 2460 ajunt,

343 2481 425 2557 apere
441 2485 553 2550 operata
565 2473 690 2549 gretiam
704 2470 866 2532 contuliffe.
909 2470 993 2531 Hanc
1009 2469 1123 2531 senten·

342 2560 415 2606 nem
435 2547 500 2625 post
518 2548 818 2617 Louentinon,
838 2552 1028 2615 sacrun,
1047 2548 1122 2614 Du·

345 2636 550 2694 aennon,
575 2631 963 2696 Bonnvennottn.
990 2628 1122 2709 aliosque

344 2702 490 2769 Εετιυε
506 2710 656 2786 amplexus
672 2708 729 2777 est,
742 2710 915 2772 observante
928 2712 1122 2772 Touana·

285 2812 287 2817 ·
348 2797 394 2846 La
414 2786 464 2848 loc.
487 2791 535 2846 cis.
576 2787 699 2850 Secunda
720 2809 791 2851 vero
810 2792 915 2868 opinio
934 2807 1038 2851 eorum
1062 2787 1121 2855 este

314 2866 400 2945 ···qui
427 2886 495 2927 cnm
511 2868 669 2930 Tirone
691 2867 886 2930 contendunt.
917 2865 1122 2931 circumcisio·

344 2963 415 3007 nem
433 2966 495 3007 non
509 2967 546 3007 ex
561 2947 605 3015 se,
624 2948 674 3007 seu
687 2966 767 3029 opere
783 2965 913 3029 epacta,
935 2946 983 3008 sed
995 2966 1031 3008 ax
1041 2963 1123 3026 apere

344 3024 657 3106 duntaxatapereneis,
680 3029 796 3089 ratione
820 3027 929 3090 scilicet
950 3026 1037 3095 fidei,
1055 3027 1121 3086 vim

346 3103 476 3166 habuiffe
489 3105 637 3188 purgandi
654 3127 671 3170 a
687 3107 752 3167 labe
768 3109 919 3200 originali.
947 3106 1036 3167 Plura
1048 3103 1123 3167 banc

275 3261 282 3268 ·
346 3202 455 3325 gliscens
472 3205 534 3246 non
546 3184 748 3254 edomuere
764 3188 884 3249 taedtum
894 3186 1054 3252 asturibus
1069 3203 1123 3246 no-

395 3284 418 3324 tt
435 3284 577 3327 mearunt.

216 3391 257 3461 J·
286 3422 359 3505 (e)
381 3422 494 3486 cento.
517 3429 637 3492 concon
657 3424 833 3497 Tridentini
852 3446 972 3506 tetre·
991 3427 1125 3507 neele&

346 3522 422 3567 vera
437 3502 613 3568 differentia
632 3511 712 3573 inter
729 3514 905 3573 sacramenta
916 3525 977 3572 vet.
991 3512 1123 3586 novique

303 3591 305 3598 '
350 3581 517 3645 testamenti
538 3583 812 3656 determinatione,
832 3606 956 3680 propter
973 3585 1125 3650 Scholasti-
1187 3596 1189 3600 ’

349 3681 454 3727 corum
474 3662 511 3722 de
525 3661 581 3723 hoc
595 3688 772 3749 argumento
787 3683 1008 3730 contentiones,
1027 3666 1059 3724 in
1074 3683 1125 3745 ge·

349 3744 547 3806 natalioeibue
569 3744 635 3809 heic
660 3747 837 3813 subsistunt,
871 3765 936 3823 qua
957 3742 1125 3827 questionis

347 3822 500 3886 cardinem
517 3822 595 3885 baud
610 3830 781 3910 attingunt,
800 3824 963 3887 canonibus
972 3821 1126 3904 periter6.

350 3920 389 3982 7.
400 3902 433 3966 δι
446 3907 476 3974 8·
493 3903 641 3967 declarant
656 3926 752 3985 patres
763 3907 957 3973 Tridentini,
968 3911 1127 3964 sacramen·

350 4002 383 4045 ta
395 4001 467 4042 nov·
484 3982 548 4042 tell.
560 3991 700 4047 continere
709 3990 848 4067 gratian,
868 4005 948 4064 quarn
958 3981 1013 4065 figi
1028 3987 1034 3998 '
1052 3999 1125 4050 cant,
1144 3989 1146 3994 '

352 4078 464 4143 eantque
479 4081 534 4122 nass
554 4065 718 4144 parasitibus
739 4066 838 4127 obicem
853 4061 979 4148 conferre
999 4078 1126 4140 exopere

351 4155 481 4224 mnata:
503 4141 744 4212 delectamentis
765 4161 864 4204 autem
883 4144 991 4205 ueteris
1008 4140 1070 4199 test.
1095 4138 1128 4199 id

352 4220 692 4366 esistunt
709 4218 1131 4381 snee‚.s==ieo:
1161 4267 1164 4272 ·

229 4395 231 4402 '
354 4397 413 4462 cup.
431 4376 518 4441 Xlll.
534 4385 656 4463 cogitur
669 4380 776 4451 fateri,
797 4384 957 4443 concilium
975 4376 1130 4440 Tridenti-

355 4478 430 4520 num
453 4458 590 4538 obscurius
611 4485 643 4523 ac
666 4462 775 4524 brevius
793 4461 866 4538 aloe
876 4456 1028 4540 definiatffl·
1067 4455 1132 4517 Cla·

356 4541 421 4601 rius
435 4558 508 4612 vero
522 4561 711 4604 communem
738 4538 859 4603 ecciefiae
871 4543 1011 4602 Romana
1024 4538 1079 4600 bac
1092 4534 1140 4594 de

356 4637 390 4678 re
410 4617 582 4683 sententiam
603 4620 802 4701 exprefferunt
824 4620 945 4681 concilii
966 4616 1131 4680 Florentini

377 4714 452 4758 atree
469 4702 502 4759 in
516 4702 615 4762 verbis
637 4702 715 4768 inis,
755 4720 800 4760 uae
822 4699 942 4760 concilii
954 4694 1132 4759 Tridentini

379 4794 476 4848 ecreto
491 4779 577 4858 supra
591 4778 728 4860 pransifit
776 4791 1003 4842 ennannus
1023 4773 1132 4837 noster.

356 4855 445 4918 Exiit
458 4860 642 4921 enimintelli
667 4859 930 4929 immanentem:
944 4875 1004 4918 vet.
1019 4852 1132 4916 testam.
1167 4897 1169 4902 -

359 4955 397 4997 ex
414 4956 514 5000 mente
528 4938 649 5003 addua
704 4935 839 5002 missilia
846 4931 1135 5002 tentemembrat&

311 5073 407 5154 Tant-
429 5075 544 5150 VIII.-

1267 2388 1424 2452 conferant
1439 2390 1633 2473 efficiantque.
1674 2393 1756 2452 Licet
1769 2410 1841 2450 vero
1856 2391 1991 2469 plerique
2003 2413 2042 2454 ex

1270 2468 1377 2531 nostris
1403 2467 1576 2551 theolegis,
1613 2488 1762 2551 praeunte
1788 2469 2042 2541 GERHARDO.

1269 2550 1414 2615 statuant.
1433 2547 1521 2610 etiam
1541 2568 1601 2611 vet·
1615 2550 1677 2613 test.
1691 2548 1865 2611 sacramente
1883 2549 1966 2610 soille
1983 2553 2042 2612 effi·

1270 2631 1347 2693 cacia
1367 2628 1472 2710 gratia
1490 2630 1522 2692 ἃ
1548 2629 1645 2691 salutis
1673 2630 1813 2692 omnibus
1832 2629 1993 2695 offerenda
2011 2649 2045 2694 ae

1270 2707 1459 2771 credentibus
1480 2706 1664 2771 conferenda
1679 2708 1795 2778 media3
1817 2710 1853 2769 ab
1871 2707 1923 2770 bec
1944 2727 2044 2774 tanna
2153 2761 2161 2773 .

1271 2787 1414 2848 sententia
1437 2788 1489 2848 elii
1512 2779 2044 2857 discedunt,velun''1{onnetus

1270 2867 1304 2927 in
1318 2884 1402 2943 corap-
1412 2867 1549 2929 sbeoLloc.
1563 2869 1595 2928 de
1620 2870 1779 2929 mammetis
1796 2870 1824 2947 ᾧ.
1842 2879 1887 2940 ss,
1903 2890 1941 2943 19·
1957 2871 2046 2932 Ηη-

1269 2958 1468 3008 neettaun
1478 2964 1519 3010 us
1534 2950 1593 3007 ine
1612 2948 1693 3031 eclog.
1706 2950 1822 3031 dagnus.
1836 2966 1866 3023 p.
1880 2959 1942 3025 588.
1957 2952 2044 3011 item·

1270 3024 1713 3168 tgfgggtsfgggntggg
1728 3025 1798 3167 tt·
1815 3030 1960 3170 litet}
1977 3035 2044 3178 tt:

1271 3126 1399 3266 gretiam
1421 3147 1500 3248 illam
1524 3185 1692 3267 fignificaffe
1712 3130 1869 3253 duntdxad,
1891 3129 2047 3249 tidenytpau·
2113 3175 2120 3180 ’

1157 3285 1160 3291 ·
1275 3283 1335 3324 tem
1354 3264 1387 3323 in
1404 3265 1552 3326 Christum
1568 3266 1726 3345 prestitisse
1740 3286 1803 3326 eant
1825 3268 1858 3329 bt
1875 3268 2043 3337 contulisse.

1273 3360 1364 3423 atque
1378 3342 1466 3417 hu'ntc
1480 3346 1548 3407 lidei
1562 3346 1802 3423 protestationem
1817 3349 1963 3427 quandam
1976 3347 2046 3409 fuis·

1274 3419 1304 3482 le
1320 3423 1370 3482 illa
1386 3443 1446 3484 vet.
1464 3424 1526 3487 test.
1542 3425 1716 3486 sacramenta
1724 3444 1735 3499 ς
1779 3445 1822 3486 ute
1834 3447 1887 3504 pet
1906 3425 1933 3486 ie
1954 3448 2046 3492 necea

1274 3500 1511 3583 luerintgtatie:
1535 3504 1615 3566 unde
1632 3504 1742 3585 infirme
1815 3526 1895 3588 egens
1920 3506 2048 3568 elementa

1275 3580 1413 3645 dicantur
1426 3583 1490 3643 Gal.
1507 3585 1558 3643 lV.
1573 3604 1601 3657 e.
1642 3589 1703 3648 Nec
1716 3588 1753 3647 ab
1768 3583 1820 3647 hec
1840 3588 1981 3648 sententie
1998 3587 2048 3646 ab·

1275 3659 1379 3722 ludere
1397 3663 1517 3724 videtur
1529 3665 1562 3722 b.
1581 3667 1995 3746 cmcell.1‘terrtus‚qui
2015 3667 2048 3727 in

1274 3739 1397 3816 institut.
1409 3742 1493 3802 theol.
1508 3744 1596 3824 dagon.
1610 3745 1646 3806 ὅθ’
1660 3763 1731 3806 neor.
1746 3763 1775 3825 p.
1791 3766 1849 3822 3²5·
1858 3746 1932 3829 stqq.
1951 3747 2049 3807 obar-
2138 3796 2148 3804 .

1278 3836 1354 3887 vat,
1375 3822 1550 3883 sacramenta
1567 3843 1627 3884 vet.
1647 3824 1712 3886 tell.
1730 3846 1747 3886 a
1766 3826 1950 3888 sacramentis
1972 3822 2049 3887 noni

1278 3897 1341 3962 test.
1359 3901 1524 3980 plurimum
1548 3904 1677 3967 differre.
1720 3907 1877 3975 „Scilicet
1903 3909 1933 3965 in
1959 3906 2049 3968 sacra·

1278 4014 1299 4045 u
1321 3982 1428 4040 mentis
1446 4000 1503 4041 vet.
1527 3984 1591 4045 test.
1608 3985 1624 4060 l
1641 3986 1682 4047 ita
1702 3983 1800 4068 pergit
1819 3986 2050 4063 Pramus)

1278 4093 1300 4127 a,
1323 4063 1447 4122 astionis
1465 4061 1676 4127 sacramentalis
1695 4065 1815 4127 effectus
1831 4062 1889 4125 fuit
1904 4068 1976 4128 unio
1997 4066 2051 4128 sal.

1196 4197 1202 4208 .
1280 4172 1301 4206 2,
1321 4141 1374 4200 tim
1394 4143 1534 4212 relatiua,
1554 4145 1764 4209 umbratilis&
1778 4146 1894 4225 typica.
1916 4146 1995 4207 unde
2009 4145 2052 4207 sa·

1279 4260 1301 4290 n
1320 4245 1469 4289 eramenta
1486 4244 1546 4288 vet.
1563 4229 1627 4292 rest.
1647 4251 1762 4295 tantum
1777 4248 1860 4292 eruit
1882 4229 2052 4316 ruſsurrensi,

1283 4346 1304 4376 u
1324 4313 1357 4373 in
1372 4335 1453 4375 novo
1466 4320 1723 4387 vero-testamento
1742 4320 1815 4379 unio
1829 4319 1880 4379 ista
1893 4313 1934 4384 est
1947 4323 2049 4403 realis,

1282 4440 1302 4469 „
1323 4404 1486 4470 exhibitiva
1499 4410 1532 4473 ἃ
1548 4408 1710 4481 tenebrati
1722 4457 1742 4489 ‚,
1775 4412 1823 4474 Ast
1835 4417 1908 4495 quid
1920 4436 1995 4497 opue
2008 4416 2051 4477 est

1280 4498 1416 4592 longiori
1435 4498 1523 4572 buius
1540 4499 1729 4578 questionis,
1749 4520 1813 4582 qua
1827 4520 1942 4565 tantum
1962 4504 2052 4566 acces-

1281 4577 1359 4639 soria
1376 4580 1535 4658 minuique
1553 4577 1705 4641 necefferia
1722 4581 1784 4647 est,
1806 4580 1994 4648 discullione?
2016 4584 2053 4647 Id

1280 4659 1381 4735 potius
1405 4675 1524 4740 agamus
1549 4656 1649 4726 letio,
1679 4679 1714 4721 ut
1723 4660 1909 4726 luctamenta
1933 4664 2053 4734 nostra,

1283 4737 1307 4797 i.
1322 4757 1348 4797 e.
1366 4756 1432 4817 qua
1451 4737 1505 4797 sub
1526 4757 1608 4798 novo
1624 4738 1736 4802 emm.
1756 4742 1898 4804 celebrari
1917 4761 2053 4823 oportet,

1283 4818 1359 4884 tite,
1379 4817 1588 4882 &locandam
1601 4816 1819 4882 institutionem
1833 4820 2004 4892 seruatoris,
2021 4825 2056 4889 &

1284 4915 1352 4955 cum
1365 4893 1465 4959 frona
1478 4895 1579 4959 nostro
1595 4898 1759 4979 spirituali.
1779 4901 1957 4966 celebremus
1968 4919 2061 4985 atqua

1281 4983 1485 5061 peragamus„
2134 4983 2137 4992 '

1137 5063 1309 5139 ·Klt
