4900 5809
603 416 673 493 nu
702 373 1010 516 uutssib'ttn
1031 375 1190 516 nsunt
1218 375 1335 494 nnn*
1357 417 1618 540 escensu.
1671 475 1678 488 .
1899 413 1980 532 tra·

302 601 378 701 posi
402 597 613 694 adducentur,
661 583 796 698 Rtop'rie
827 575 1051 700 ergo'sni'dde
1091 583 1175 672 mus.
1202 581 1452 672 ''Adscribetnus
1471 601 1536 674 huc
1562 585 1672 676 locun
1698 615 1735 672 e!
1757 599 1876 704 AEpino
1898 605 1967 682 libs.

312 703 488 800 quantur,
513 727 555 772 un
582 699 641 790 pe‘c
671 699 802 798 peico'tn
831 709 943 771 contri
968 707 1046 786 con}
1091 696 1131 769 de
1147 689 1246 792 jusstf.
1259 723 1334 798 pag.
1354 719 1431 778 152.
1452 701 1510 800 qui
1527 717 1632 774 autaut
1652 699 1735 774 hanc
1749 723 1820 772 retu
1846 702 1967 800 puscet.

294 827 336 870 tm
358 803 475 882 iterum
498 797 617 898 possint
648 795 795 872 excidere
824 797 1044 902 gundevei,
1092 797 1177 868 sitne
1203 791 1351 870 illustrat:
1375 799 1434 869 Pii
1466 797 1626 899 (inquit)
1646 800 1820 894 aliqnando
1857 809 1966 880 cornis

303 895 534 971 cotionestdem
555 907 590 971 δι
605 899 873 970 vitani'aeiein'un
888 895 1045 974 amittere,
1085 899 1256 991 pravitate
1271 899 1442 991 opietatis
1463 920 1573 968 aurore
1588 897 1751 994 &stacio
1770 901 1895 1002 abrepti
1911 909 1965 974 de·

294 993 400 1070 diserte
423 995 644 1071 adfirmamus.
693 997 728 1072 Si
748 993 790 1066 ad
822 995 938 1069 eleetos
961 1019 1046 1090 quae·
1091 996 1269 1092 linquentes
1291 993 1446 1068 labuntur
1452 999 1583 1091 potius,
1596 1021 1696 1096 quam
1710 1013 1873 1096 peccant..
1890 1027 1966 1078 cum

297 1093 478 1178 tunsoratus,
501 1089 671 1192 dicimus,‘
684 1091 803 1168 eleetos
825 1091 963 1186 finaliter
978 1097 1047 1212 spui·
1091 1093 1174 1165 alias
1193 1091 1371 1188 secundum
1394 1093 1556 1189 spiritum
1581 1097 1670 1186 intus
1694 1099 1831 1170 ardeant
1854 1125 1965 1174 amore

294 1219 331 1266 sn
353 1197 584 1292 permanetein
599 1191 733 1291 peccatis
750 1189 960 1282 nuortulibus,
985 1217 1046 1264 nec
1084 1195 1221 1288 pietatis
1239 1189 1365 1266 &odio
1373 1197 1517 1288 peccati,
1539 1208 1692 1288 perpetuo
1697 1195 1846 1289 sentiant
1857 1214 1965 1274 motus

296 1310 432 1384 uentre¹
451 1289 514 1365 Dii
545 1295 684 1391 gretiam
706 1271 919 1365 '‘conbititoi
956 1283 1043 1379 effe3
1089 1295 1197 1363 cornis
1210 1289 1259 1366 df
1269 1294 1415 1385 Spiritus
1425 1291 1547 1388 interfi
1563 1295 1599 1362 de
1614 1295 1658 1364 im
1681 1297 1747 1364 erio
1762 1313 1966 1398 pugnantes,

294 1381 372 1464 utin
391 1395 552 1490 pe[rirent;
579 1397 643 1484 jani
656 1415 735 1463 reto
750 1387 855 1462 nullus
866 1389 1043 1464 electorum
1089 1389 1137 1465 θ’
1156 1389 1359 1486 exsiccentur
1365 1403 1560 1488 perpetrato
1574 1394 1633 1462 deli
1663 1418 1704 1464 a:
1728 1391 1969 1472 boromdeliiia‘

299 1487 404 1566 utsuo
427 1487 502 1561 loco
530 1487 754 1580 ostendimus)
781 1493 908 1562 interim
933 1509 1044 1562 tamen
1088 1487 1305 1585 lapsussunt,
1330 1513 1410 1588 quos
1427 1487 1574 1587 adrntfflu
1589 1491 1704 1584 delient
1719 1489 1767 1566 ΕΤ
1782 1501 1965 1586 emendant,

294 1604 388 1663 uecta
407 1589 554 1661 mortalia
578 1607 761 1688 perpetrare
790 1583 941 1686 possunt,
967 1587 1043 1660 ideo
1086 1589 1166 1660 cates
1190 1588 1298 1684 lapsus
1319 1611 1341 1658 a
1351 1587 1479 1682 fisnliis
1498 1615 1564 1660 non
1585 1589 1673 1682 suat
1699 1595 1828 1664 omniuo
1859 1597 1965 1670 alieni.

294 1699 357 1832 pus
372 1691 474 1784 gratia
501 1689 564 1766 Dei
581 1691 678 1760 etiam
695 1685 833 1758 totaliter
848 1688 1042 1762 eos'excide-
1087 1689 1179 1760 Nom
1193 1685 1294 1786 iplsoc
1306 1687 1752 1788 uitonecofiatonoeinstdiis,
1774 1716 1829 1766 nec
1841 1719 1965 1766 amun.

294 1811 318 1859 te
336 1779 487 1882 dicimus.
535 1779 758 1862 Describimue
784 1800 894 1856 nutem
922 1787 1043 1860 eseliae
1086 1789 1120 1857 di
1148 1787 1351 1881 improbitate
1363 1783 1449 1880 sant
1477 1789 1643 1860 immunes.
1691 1789 1743 1864 He
1763 1786 1863 1886 bosses
1889 1817 1964 1864 cum

294 1887 412 1986 priori,
438 1886 479 1955 ab
492 1881 638 1956 absoluto
657 1895 659 1900 '
676 1884 795 1955 uodam
813 1879 1055 1972 Deidecreto‚'
1076 1883 1213 1981 sonllos'
1225 1887 1386 1978 impetunt
1403 1885 1514 1966 uarie,
1533 1909 1770 1982 nonnunquam
1783 1893 1821 1960 de
1837 1893 1962 1986 impro-

302 1983 515 2073 faduntiis,
540 1912 1041 2102 quicosvinumhiesequuntur,
1085 1983 1152 2078 uiso
1168 1989 1304 2070 cadunt,
1324 1983 1385 2080 sed
1412 1983 1608 2084 resurguntt
1642 1985 1690 2061 ἔθ’
1719 1990 1830 2058 deinde
1852 1999 1967 2063 cavent

294 2111 323 2159 se
343 2083 480 2186 πρῶτον
492 2074 624 2182 ciendae
635 2084 680 2153 esi
692 2083 858 2170 errorisin
877 2085 938 2155 huc
955 2107 1043 2178 quae·
1075 2083 1286 2183 flbisedulo,
1312 2106 1352 2153 ne
1364 2095 1477 2156 contra
1495 2082 1696 2178 conscientias
1712 2083 1829 2180 rursus
1853 2103 1964 2162 ruam.

317 2180 370 2255 sed
389 2183 607 2279 complurimi,
631 2185 695 2252 hoc
711 2183 778 2272 est,
803 2177 925 2252 annali
940 2178 1043 2278 pesse·
1085 2183 1187 2350 Lapfi
1212 2205 1288 2253 uero
1297 2205 1361 2276 per
1382 2181 1634 2274 imprudentiam
1653 2182 1701 2257 Εἴ
1721 2185 1966 2261 imbecillitatem

294 2287 366 2355 ain
387 2306 461 2353 veta
484 2285 546 2353 Dei
577 2283 769 2378 agnitione,
795 2277 861 2349 fide
883 2287 917 2352 ἀ
939 2277 1043 2372 studio
1086 2285 1255 2374 depurant
1266 2279 1335 2376 suo
1357 2292 1513 2374 peecata,
1540 2279 1587 2353 &
1619 2285 1749 2382 erigunt
1772 2284 1805 2373 fe
1831 2288 1964 2384 rurscam

294 2387 353 2454 rtis.
405 2384 550 2454 breviter
558 2403 684 2453 renatos
697 2385 730 2450 δε
744 2379 886 2456 tonaliter
894 2384 927 2451 dt
927 2375 1057 2473 finali-³
1076 2379 1203 2473 fiducia
1215 2378 1457 2474 ‘misericordiae
1471 2380 1559 2453 Dei,
1585 2381 1674 2450 nobis
1689 2385 1724 2452 in
1741 2381 1867 2488 (bristo
1878 2403 1966 2480 pto-

298 2467 426 2580 peccata
437 2481 583 2552 mortalia
596 2481 700 2576 gratio
717 2481 779 2550 Dei
796 2476 939 2549 excidere
950 2468 1041 2577 posse
1085 2475 1204 2576 mistbb.
1253 2479 1330 2548 Huc
1340 2476 1412 2572 fide
1428 2477 1521 2551 erelii
1536 2476 1651 2571 rursus
1665 2481 1966 2574 adprehendunt&
2056 2533 2059 2538 -

294 2603 329 2662 sc
355 2581 471 2652 eseiios
485 2583 648 2657 totaliter,
673 2603 741 2647 non
765 2576 1041 2670 autemfinoliter.
1085 2577 1319 2675 consequuntur
1334 2579 1461 2648 ueniam
1472 2577 1618 2673 commiffi
1629 2576 1738 2673 lapsus
1746 2579 1817 2658 c&
1828 2579 1973 2657 liberae·-

294 2673 611 2752 tscrimeness'einter
625 2697 754 2771 peccatu
771 2672 985 2762 infirmitatis,
1006 2683 1042 2747 bc
1085 2691 1143 2748 tur
1175 2677 1360 2771 apeccotis
1390 2675 1439 2751 ff
1461 2701 1574 2748 eorum
1604 2681 1728 2749 meritis
1751 2683 1864 2775 pinnis.
1922 2685 1973 2754 Et-

294 2805 333 2850 ιε
370 2781 482 2849 contio
518 2771 751 2848 conscientiam
784 2777 1040 2845 conunittuntur.
1085 2777 1213 2872 postea:
1231 2773 1607 2853 Fredebollucinontur,
1633 2779 1818 2874 quipu'tant
1831 2828 1843 2868 ,
1867 2807 1964 2882 quon

294 2883 325 2950 is
348 2879 436 2949 enirn
466 2879 579 2948 omnia
610 2894 742 2970 peccato
770 2867 820 2941 sua
846 2891 958 2944 natura
984 2867 1044 2941 fint
1085 2878 1134 2945 vis
1144 2885 1277 2970 peccato
1301 2897 1372 2943 curn
1390 2873 1463 2968 fide
1476 2873 1675 2974 justificante
1687 2876 1874 2976 fulpiliere,
1915 2879 1964 2956 θ’

294 2979 345 3058 ia,
380 2993 414 3045 ut
436 2971 634 3044 ostendimus
660 2975 693 3040 in
717 2970 809 3045 troii.
831 2971 872 3044 de
906 2972 1043 3070 peccatis
1075 2973 1177 3068 semel
1188 2970 1402 3072 justificatos,
1426 2973 1482 3044 boe
1501 2972 1563 3068 est,
1590 2999 1657 3059 eos,
1677 2980 1733 3069 qui
1747 2977 1820 3070 fide
1839 2982 1960 3076 adpre.

294 3099 342 3146 >us
358 3077 385 3161 l,
406 3097 461 3161 93.
475 3075 508 3144 iu
523 3074 637 3143 renatis
651 3070 915 3166 tamenqundatu
930 3068 1044 3140 dicun·
1086 3071 1435 3169 scenderuntjusiitiam
1449 3075 1483 3142 in
1496 3071 1643 3168 (tusto,
1666 3073 1715 3148 ss
1733 3077 1961 3158 innonori'en.
1976 3111 1981 3118 ·

294 3177 414 3254 niolio,
457 3171 606 3243 videlicet
629 3190 735 3266 pravae
762 3169 1044 3264 concupiscentie,
1082 3165 1205 3266 perant
1223 3192 1287 3274 per
1321 3171 1478 3264 Spiritum
1496 3169 1673 3266 sttnssum,
1709 3197 1764 3244 nec
1776 3177 1882 3272 sidem
1907 3204 1964 3250 nec

294 3295 388 3346 enon
411 3272 531 3342 accedit
545 3268 733 3340 deliberatus
747 3263 927 3346 consensus,
941 3263 1044 3364 lapsus
1088 3271 1246 3364 Spiritum
1263 3267 1449 3364 flubium,
1486 3295 1542 3340 uec
1575 3270 1825 3372 'ustificotionem
1847 3277 1977 3373 rursue'

294 3375 363 3443 tatis
378 3376 439 3442 dcc.
454 3395 521 3439 non
535 3367 624 3468 quod
641 3372 672 3434 in
692 3361 721 3434 se
735 3371 768 3437 dt
788 3391 824 3435 ex
839 3365 936 3436 sesint
951 3367 1044 3436 venia
1088 3372 1236 3441 omittere
1244 3365 1343 3466 poffe.
1395 3368 1544 3463 Solo'slap
1558 3396 1619 3448 ras,
1646 3373 1963 3470 quossequituruero

318 3466 372 3542 sed
385 3471 473 3568 quod
496 3470 587 3538 Deus
608 3463 806 3536 credentibus
822 3470 855 3534 in
875 3465 1044 3536 Christum
1082 3469 1295 3564 paenitentia,
1322 3470 1485 3564 dequibus
1501 3473 1577 3569 jam
1599 3469 1714 3543 dilium
1730 3473 1796 3568 est,
1822 3477 1966 3569 Spiritus

303 3563 679 3666 imputet,fihaectnala
696 3557 1044 3658 agnoscant,seriode
1088 3565 1156 3638 Dei
1167 3567 1262 3666 fert,
1275 3564 1364 3664 fides
1377 3567 1533 3661 sustinet,
1559 3567 1607 3641 67
1626 3571 1818 3668 jaesiafiratio
1845 3576 1965 3646 tolerat
2043 3595 2050 3610 ¹

294 3667 391 3755 icant,
408 3670 523 3737 metito
535 3657 744 3738 rnediatoris,
770 3662 855 3734 velut
871 3659 1044 3732 umbracu·
1087 3691 1125 3736 ac
1141 3667 1262 3758 expiat.
1315 3665 1402 3735 Cum
1419 3677 1518 3740 noto,
1541 3666 1725 3738 uoluntario
1744 3669 1963 3772 &regnante

294 3771 349 3866 ugi
366 3784 474 3864 petant
490 3769 523 3836 ὰ
540 3760 696 3834 credant,
727 3757 867 3861 denique
881 3754 1045 3832 frenoseis
1080 3776 1210 3860 peccato
1226 3787 1285 3844 nec
1296 3763 1441 3855 Spiritus
1454 3763 1520 3832 Dei
1526 3797 1540 3838 ,·
1570 3787 1626 3833 aec
1639 3765 1749 3860 fides,
1772 3773 1964 3872 necjastitia

299 3889 374 3936 uam
388 3863 512 3941 laxent,
539 3854 591 3929 sed
611 3861 718 3959 spiritu
740 3866 783 3933 eis
802 3859 1044 3946 teststent,·cru·
1087 3863 1256 3935 cohabitat.
1306 3863 1403 3933 Fides
1412 3861 1627 3955 conscientiam
1638 3871 1776 3958 peccatis
1784 3869 1964 3967 oppreffiam
1981 3861 1985 3868 ¹

294 3984 482 4037 test-amem
502 3983 577 4031 cum
591 3952 855 4053 concupiscentiis
873 3955 947 4032 suis.
966 3961 1044 4029 Pto·
1090 3967 1124 4034 in
1147 3960 1227 4038 Cbri
1255 3987 1272 4030 o
1289 3961 1456 4058 subleuat,
1483 3959 1530 4036 bs
1549 3965 1737 4036 certitudine
1752 3971 1967 4063 promifflonie

294 4087 338 4160 go
353 4061 405 4133 hic
425 4062 577 4159 queritur
594 4081 663 4127 non
690 4059 730 4126 de
757 4064 892 4155 peccatis
914 4058 1046 4130 veniali·
1089 4067 1126 4132 de
1153 4061 1324 4156 etmifflone
1349 4074 1552 4156 peccatorum
1576 4063 1738 4160 aristibiom
1765 4067 1964 4165 consolatum

294 4161 379 4234 udde
393 4160 606 4246 mortalibus,
631 4156 694 4226 hoc
708 4157 774 4236 esi,
797 4158 1044 4256 regnantibus&
1089 4159 1418 4256 maflamexbilorot,
1433 4159 1673 4258 &impeditam
1691 4162 1833 4257 absoluit.
1849 4169 1966 4262 Quoa-

294 4265 402 4332 :ntiom
418 4253 631 4329 vallensibus,¹
656 4279 696 4325 on
718 4253 1042 4360 tissicetpeteafides
1090 4264 1131 4331 do
1162 4257 1210 4332 εἰ
1237 4261 1396 4354 quartadiu'
1414 4257 1572 4336 bominac,
1601 4261 1713 4356 quise
1736 4263 1965 4337 reliceredere
2053 4259 2057 4266 ’

298 4362 402 4458 gratia
423 4359 612 4430 amittatur?
644 4343 733 4451 qudd
754 4349 869 4428 diserte
889 4353 1044 4430 adfirma-
1089 4357 1433 4525 scaffen-inpeccatis
1450 4359 1565 4430 uiuunt
1580 4355 1834 4455 &perdurant
1848 4366 1965 4460 quibus

567 4476 572 4482 ·
627 4495 629 4500 ·
1195 4481 1233 4529 n.
1267 4481 1328 4514 -·-·
1822 4469 1966 4537 rector.

294 4648 388 4724 ιιμηδι
404 4648 439 4712 &
452 4649 594 4722 tenuia,
607 4655 666 4716 five
692 4655 826 4731 respectu
839 4651 926 4734 ficis,
952 4670 1043 4736 quen·
1188 4651 1297 4714 introite.
1316 4647 1356 4734 c)
1368 4652 1469 4714 Verum
1482 4643 1546 4707 aar·
1564 4653 1684 4709 tatem
1710 4675 1816 4720 verum
1839 4669 1965 4734 eeneciae,

294 4759 312 4798 0
329 4737 469 4797 videlicet
489 4735 582 4796 finem
597 4738 705 4803 sutum,
726 4734 762 4797 ad
778 4735 1043 4814 quemordinntuc,
1184 4733 1364 4812 solitudinis,
1386 4730 1574 4811 firmitudinis
1594 4734 1677 4815 fixe:
1704 4737 1775 4799 huic
1803 4745 1966 4820 opponitur

294 4821 339 4878 §tn
355 4821 567 4897 consequitur,
590 4825 740 4904 utcunque
761 4819 881 4876 interim
905 4817 936 4875 stt
957 4815 1043 4876 cursu
1192 4809 1380 4892 irpfreaumac
1394 4815 1588 4876 imbecillum.
1630 4818 1760 4902 Qundo
1774 4841 1847 4903 ergo
1862 4826 1967 4900 queri·

294 4889 507 4978 t'o'uiiqn'tndot
524 4898 777 4973 interrumpitur,
805 4895 982 4974 quibusdum
999 4893 1046 4954 di·
1190 4908 1259 4959 tur,
1278 4911 1315 4953 on
1327 4913 1393 4954 vere
1402 4889 1472 4971 fides
1483 4895 1618 4958 excidere
1631 4897 1733 4974 potiit,
1754 4897 1874 4980 questio
1894 4904 1969 4964 ecci·

294 4979 349 5040 ‘tur
375 4997 481 5038 verum
514 4981 708 5059 perrnmurtaiae
735 4975 799 5036 'sen
819 4973 1044 5056 perstate-amic,
1194 4971 1303 5051 piende
1319 4973 1360 5034 est
1375 4973 1413 5034 de
1428 4978 1540 5054 prime,
1562 4995 1624 5036 uon
1641 4976 1678 5035 de
1697 4973 1822 5044 secunde
1834 4981 1868 5045 &
1881 4984 1968 5046 tertie

294 5059 343 5122 uic
384 5060 548 5138 opponitur
578 5057 790 5141 frustraneum,
829 5074 929 5120 mem
954 5071 1045 5137 utque
1128 5057 1154 5074 ·“
1187 5049 1419 5133 fignificnaone.
1438 5053 1707 5123 (insumus.
1806 5091 1812 5102 ·
