<?xml version="1.0" encoding="UTF-8"?>
<!DOCTYPE html PUBLIC "-//W3C//DTD XHTML 1.0 Transitional//EN"
    "http://www.w3.org/TR/xhtml1/DTD/xhtml1-transitional.dtd">
<html xmlns="http://www.w3.org/1999/xhtml" xml:lang="en" lang="en">
 <head>
  <title>
</title>
<meta http-equiv="Content-Type" content="text/html;charset=utf-8" />
  <meta name='ocr-system' content='tesseract 3.04.00' />
  <meta name='ocr-capabilities' content='ocr_page ocr_carea ocr_par ocr_line ocrx_word'/>
</head>
<body>
  <div class='ocr_page' id='page_1' title='image "./locitheologicic00cottgoog/locitheologicic00cottgoog_0516.png"; bbox 0 0 4900 5809; ppageno 0'>
   <div class='ocr_carea' id='block_1_1' title="bbox 301 301 1535 458">
    <p class='ocr_par' dir='ltr' id='par_1_1' title="bbox 301 301 1535 458">
     <span class='ocr_line' id='line_1_1' title="bbox 301 301 1535 458; baseline 0.002 -22"><span class='ocrx_word' id='word_1_1' title='bbox 301 313 399 438; x_wconf 72' lang='lat' dir='ltr'><em>¹raa</em></span> <span class='ocrx_word' id='word_1_2' title='bbox 698 367 700 372; x_wconf 92' lang='lat'>·</span> <span class='ocrx_word' id='word_1_3' title='bbox 894 357 1022 433; x_wconf 81' lang='lat' dir='ltr'><em>toci</em></span> <span class='ocrx_word' id='word_1_4' title='bbox 1048 301 1327 458; x_wconf 56' lang='lat' dir='ltr'><em>xvrnscnr.</em></span> <span class='ocrx_word' id='word_1_5' title='bbox 1352 313 1463 431; x_wconf 80' lang='lat' dir='ltr'><em>vni.</em></span> <span class='ocrx_word' id='word_1_6' title='bbox 1531 425 1535 438; x_wconf 77' lang='grc'>,</span> 
     </span>
    </p>
   </div>
   <div class='ocr_carea' id='block_1_2' title="bbox 300 535 2137 1237">
    <p class='ocr_par' dir='ltr' id='par_1_2' title="bbox 300 535 2137 1237">
     <span class='ocr_line' id='line_1_2' title="bbox 309 535 2137 642; baseline 0.004 -30"><span class='ocrx_word' id='word_1_7' title='bbox 309 535 370 628; x_wconf 65' lang='lat' dir='ltr'><em>aba</em></span> <span class='ocrx_word' id='word_1_8' title='bbox 384 535 461 613; x_wconf 80' lang='lat' dir='ltr'><em>fidet</em></span> <span class='ocrx_word' id='word_1_9' title='bbox 475 537 519 612; x_wconf 82' lang='lat' dir='ltr'><em>esi</em></span> <span class='ocrx_word' id='word_1_10' title='bbox 534 536 676 613; x_wconf 86' lang='lat' dir='ltr'><em>medium</em></span> <span class='ocrx_word' id='word_1_11' title='bbox 690 537 819 637; x_wconf 77' lang='lat' dir='ltr'><em>gratia,</em></span> <span class='ocrx_word' id='word_1_12' title='bbox 847 536 923 612; x_wconf 84' lang='lat' dir='ltr'><em>sidei</em></span> <span class='ocrx_word' id='word_1_13' title='bbox 936 545 1051 638; x_wconf 75' lang='lat' dir='ltr'><em>previa</em></span> <span class='ocrx_word' id='word_1_14' title='bbox 1066 542 1110 612; x_wconf 85' lang='lat' dir='ltr'><em>est</em></span> <span class='ocrx_word' id='word_1_15' title='bbox 1120 564 1199 611; x_wconf 90' lang='lat' dir='ltr'><em>con·</em></span> <span class='ocrx_word' id='word_1_16' title='bbox 1248 542 1365 611; x_wconf 87' lang='lat' dir='ltr'><em>ritoria</em></span> <span class='ocrx_word' id='word_1_17' title='bbox 1381 541 1467 610; x_wconf 82' lang='lat' dir='ltr'><em>ritae</em></span> <span class='ocrx_word' id='word_1_18' title='bbox 1481 552 1629 612; x_wconf 73' lang='lat' dir='ltr'><em>aeternae</em></span> <span class='ocrx_word' id='word_1_19' title='bbox 1644 536 1859 642; x_wconf 69' lang='lat' dir='ltr'><em>reconsigno</em></span> <span class='ocrx_word' id='word_1_20' title='bbox 1880 539 1968 641; x_wconf 73' lang='lat' dir='ltr'><em>(ubi</em></span> <span class='ocrx_word' id='word_1_21' title='bbox 1984 540 2137 620; x_wconf 51' lang='lat' dir='ltr'><em>tersitae</em></span> 
     </span>
     <span class='ocr_line' id='line_1_3' title="bbox 323 637 2135 741; baseline 0.004 -34"><span class='ocrx_word' id='word_1_22' title='bbox 323 641 430 723; x_wconf 79' lang='lat' dir='ltr'><em>tricia,</em></span> <span class='ocrx_word' id='word_1_23' title='bbox 452 665 533 710; x_wconf 80' lang='lat' dir='ltr'><em>verce</em></span> <span class='ocrx_word' id='word_1_24' title='bbox 555 644 745 738; x_wconf 70' lang='lat' dir='ltr'><em>paenitentia</em></span> <span class='ocrx_word' id='word_1_25' title='bbox 770 664 843 737; x_wconf 82' lang='lat' dir='ltr'><em>pars</em></span> <span class='ocrx_word' id='word_1_26' title='bbox 871 644 980 736; x_wconf 69' lang='lat' dir='ltr'><em>priore</em></span> <span class='ocrx_word' id='word_1_27' title='bbox 1005 637 1200 712; x_wconf 79' lang='lat' dir='ltr'><em>sacramenta</em></span> <span class='ocrx_word' id='word_1_28' title='bbox 1251 662 1386 710; x_wconf 80' lang='lat' dir='ltr'><em>conatur</em></span> <span class='ocrx_word' id='word_1_29' title='bbox 1407 641 1626 720; x_wconf 79' lang='lat' dir='ltr'><em>Durandunr,</em></span> <span class='ocrx_word' id='word_1_30' title='bbox 1659 648 1715 741; x_wconf 92' lang='lat' dir='ltr'><em>qui</em></span> <span class='ocrx_word' id='word_1_31' title='bbox 1740 644 1825 713; x_wconf 75' lang='lat' dir='ltr'><em>reete</em></span> <span class='ocrx_word' id='word_1_32' title='bbox 1860 642 1988 720; x_wconf 72' lang='lat' dir='ltr'><em>sternit,</em></span> <span class='ocrx_word' id='word_1_33' title='bbox 2016 649 2135 717; x_wconf 83' lang='lat' dir='ltr'><em>merita</em></span> 
     </span>
     <span class='ocr_line' id='line_1_4' title="bbox 322 730 2135 841; baseline 0.005 -35"><span class='ocrx_word' id='word_1_34' title='bbox 322 730 394 808; x_wconf 91' lang='lat' dir='ltr'><em>sunt</em></span> <span class='ocrx_word' id='word_1_35' title='bbox 410 739 564 816; x_wconf 78' lang='lat' dir='ltr'><em>inediaex</em></span> <span class='ocrx_word' id='word_1_36' title='bbox 583 756 672 835; x_wconf 81' lang='lat' dir='ltr'><em>parte</em></span> <span class='ocrx_word' id='word_1_37' title='bbox 688 743 769 826; x_wconf 87' lang='lat' dir='ltr'><em>Dei,</em></span> <span class='ocrx_word' id='word_1_38' title='bbox 794 732 1057 835; x_wconf 85' lang='lat' dir='ltr'><em>quibusaffertut</em></span> <span class='ocrx_word' id='word_1_39' title='bbox 1077 745 1111 812; x_wconf 75' lang='grc' dir='ltr'>ἀ</span> <span class='ocrx_word' id='word_1_40' title='bbox 1130 761 1202 809; x_wconf 88' lang='lat' dir='ltr'><em>cre·</em></span> <span class='ocrx_word' id='word_1_41' title='bbox 1250 737 1359 833; x_wconf 77' lang='lat' dir='ltr'><em>nostra</em></span> <span class='ocrx_word' id='word_1_42' title='bbox 1377 762 1417 807; x_wconf 84' lang='lat' dir='ltr'><em>ex</em></span> <span class='ocrx_word' id='word_1_43' title='bbox 1434 743 1550 838; x_wconf 85' lang='lat' dir='ltr'><em>gratia</em></span> <span class='ocrx_word' id='word_1_44' title='bbox 1566 741 1630 810; x_wconf 89' lang='lat' dir='ltr'><em>Dei</em></span> <span class='ocrx_word' id='word_1_45' title='bbox 1646 744 1846 825; x_wconf 74' lang='lat' dir='ltr'><em>procedentia</em></span> <span class='ocrx_word' id='word_1_46' title='bbox 1873 742 1922 816; x_wconf 54' lang='lat' dir='ltr'><em>st*</em></span> <span class='ocrx_word' id='word_1_47' title='bbox 1935 745 2135 841; x_wconf 82' lang='lat' dir='ltr'><em>poſstapro·</em></span> 
     </span>
     <span class='ocr_line' id='line_1_5' title="bbox 300 833 2135 939; baseline 0.005 -34"><span class='ocrx_word' id='word_1_48' title='bbox 300 833 477 909; x_wconf 81' lang='lat' dir='ltr'><em>.dentibus</em></span> <span class='ocrx_word' id='word_1_49' title='bbox 498 834 664 909; x_wconf 79' lang='lat' dir='ltr'>confertur</span> <span class='ocrx_word' id='word_1_50' title='bbox 686 838 794 909; x_wconf 82' lang='lat' dir='ltr'><em>divina</em></span> <span class='ocrx_word' id='word_1_51' title='bbox 825 843 947 934; x_wconf 81' lang='lat' dir='ltr'><em>gratia,</em></span> <span class='ocrx_word' id='word_1_52' title='bbox 975 835 1051 908; x_wconf 84' lang='lat' dir='ltr'><em>fibei</em></span> <span class='ocrx_word' id='word_1_53' title='bbox 1075 838 1199 909; x_wconf 84' lang='lat' dir='ltr'><em>confir·</em></span> <span class='ocrx_word' id='word_1_54' title='bbox 1250 838 1384 930; x_wconf 81' lang='lat' dir='ltr'><em>miffioae</em></span> <span class='ocrx_word' id='word_1_55' title='bbox 1404 840 1507 907; x_wconf 81' lang='lat' dir='ltr'><em>adbuc</em></span> <span class='ocrx_word' id='word_1_56' title='bbox 1524 864 1589 908; x_wconf 91' lang='lat' dir='ltr'><em>non</em></span> <span class='ocrx_word' id='word_1_57' title='bbox 1610 840 1665 936; x_wconf 77' lang='lat' dir='ltr'><em>effr-</em></span> <span class='ocrx_word' id='word_1_58' title='bbox 1682 843 1783 913; x_wconf 84' lang='lat' dir='ltr'><em>taba,</em></span> <span class='ocrx_word' id='word_1_59' title='bbox 1818 854 1857 910; x_wconf 86' lang='lat' dir='ltr'><em>at</em></span> <span class='ocrx_word' id='word_1_60' title='bbox 1876 846 1921 911; x_wconf 86' lang='lat' dir='ltr'><em>eis</em></span> <span class='ocrx_word' id='word_1_61' title='bbox 1944 867 1984 910; x_wconf 82' lang='lat' dir='ltr'><em>cx</em></span> <span class='ocrx_word' id='word_1_62' title='bbox 1999 844 2135 939; x_wconf 82' lang='lat' dir='ltr'><em>justitia</em></span> 
     </span>
     <span class='ocr_line' id='line_1_6' title="bbox 325 933 2128 1035; baseline 0.003 -29"><span class='ocrx_word' id='word_1_63' title='bbox 325 937 450 1009; x_wconf 79' lang='lat' dir='ltr'><em>mandre</em></span> <span class='ocrx_word' id='word_1_64' title='bbox 473 962 554 1035; x_wconf 86' lang='lat' dir='ltr'><em>ergo</em></span> <span class='ocrx_word' id='word_1_65' title='bbox 575 935 734 1024; x_wconf 73' lang='lat' dir='ltr'><em>ininrut23</em></span> <span class='ocrx_word' id='word_1_66' title='bbox 762 942 803 1006; x_wconf 80' lang='lat' dir='ltr'><em>ite</em></span> <span class='ocrx_word' id='word_1_67' title='bbox 820 962 950 1035; x_wconf 91' lang='lat' dir='ltr'><em>quoque</em></span> <span class='ocrx_word' id='word_1_68' title='bbox 971 938 1050 1008; x_wconf 81' lang='lat' dir='ltr'><em>tides</em></span> <span class='ocrx_word' id='word_1_69' title='bbox 1065 935 1109 1008; x_wconf 77' lang='lat' dir='ltr'><em>esi</em></span> <span class='ocrx_word' id='word_1_70' title='bbox 1127 962 1200 1007; x_wconf 78' lang='lat' dir='ltr'><em>nte-</em></span> <span class='ocrx_word' id='word_1_71' title='bbox 1248 941 1401 1008; x_wconf 79' lang='lat' dir='ltr'><em>debeatur</em></span> <span class='ocrx_word' id='word_1_72' title='bbox 1429 961 1563 1019; x_wconf 79' lang='lat' dir='ltr'><em>merces,</em></span> <span class='ocrx_word' id='word_1_73' title='bbox 1581 939 1698 1030; x_wconf 76' lang='lat' dir='ltr'><em>sedere</em></span> <span class='ocrx_word' id='word_1_74' title='bbox 1716 937 1792 1032; x_wconf 74' lang='lat' dir='ltr'><em>fitia</em></span> <span class='ocrx_word' id='word_1_75' title='bbox 1816 942 1879 1012; x_wconf 85' lang='lat' dir='ltr'><em>Dei</em></span> <span class='ocrx_word' id='word_1_76' title='bbox 1897 933 2128 1030; x_wconf 73' lang='lat' dir='ltr'><em>iiberalitate.)</em></span> 
     </span>
     <span class='ocr_line' id='line_1_7' title="bbox 326 1033 2133 1135; baseline 0.005 -28"><span class='ocrx_word' id='word_1_77' title='bbox 326 1033 417 1107; x_wconf 87' lang='lat' dir='ltr'><em>dium</em></span> <span class='ocrx_word' id='word_1_78' title='bbox 434 1040 504 1106; x_wconf 81' lang='lat' dir='ltr'><em>vitae</em></span> <span class='ocrx_word' id='word_1_79' title='bbox 516 1061 661 1114; x_wconf 69' lang='lat' dir='ltr'><em>acernae,</em></span> <span class='ocrx_word' id='word_1_80' title='bbox 689 1062 762 1105; x_wconf 81' lang='lat' dir='ltr'><em>eain</em></span> <span class='ocrx_word' id='word_1_81' title='bbox 785 1040 920 1107; x_wconf 88' lang='lat' dir='ltr'><em>enimin</em></span> <span class='ocrx_word' id='word_1_82' title='bbox 941 1036 1070 1106; x_wconf 84' lang='lat' dir='ltr'><em>Chrisio</em></span> <span class='ocrx_word' id='word_1_83' title='bbox 1087 1036 1202 1132; x_wconf 83' lang='lat' dir='ltr'><em>adpre·</em></span> <span class='ocrx_word' id='word_1_84' title='bbox 1250 1034 1335 1129; x_wconf 72' lang='lat' dir='ltr'><em>Cap.</em></span> <span class='ocrx_word' id='word_1_85' title='bbox 1354 1034 1469 1111; x_wconf 86' lang='lat' dir='ltr'><strong>XVII·</strong></span> <span class='ocrx_word' id='word_1_86' title='bbox 1490 1046 1524 1109; x_wconf 86' lang='lat'>&amp;</span> <span class='ocrx_word' id='word_1_87' title='bbox 1541 1034 1832 1132; x_wconf 82' lang='lat' dir='ltr'><em>XV111.probare</em></span> <span class='ocrx_word' id='word_1_88' title='bbox 1847 1058 2005 1116; x_wconf 82' lang='lat' dir='ltr'><em>conatur,</em></span> <span class='ocrx_word' id='word_1_89' title='bbox 2033 1064 2133 1135; x_wconf 68' lang='lat' dir='ltr'><em>opera</em></span> 
     </span>
     <span class='ocr_line' id='line_1_8' title="bbox 326 1133 2132 1237; baseline 0.003 -32"><span class='ocrx_word' id='word_1_90' title='bbox 326 1134 460 1215; x_wconf 79' lang='lat' dir='ltr'><em>itendit,</em></span> <span class='ocrx_word' id='word_1_91' title='bbox 491 1140 582 1208; x_wconf 84' lang='lat' dir='ltr'><em>&amp;in</em></span> <span class='ocrx_word' id='word_1_92' title='bbox 606 1134 711 1207; x_wconf 85' lang='lat' dir='ltr'><em>studio</em></span> <span class='ocrx_word' id='word_1_93' title='bbox 735 1135 898 1206; x_wconf 87' lang='lat' dir='ltr'><em>bonorum</em></span> <span class='ocrx_word' id='word_1_94' title='bbox 930 1160 1069 1231; x_wconf 83' lang='lat' dir='ltr'><em>operum</em></span> <span class='ocrx_word' id='word_1_95' title='bbox 1093 1134 1202 1228; x_wconf 87' lang='lat' dir='ltr'><em>possea</em></span> <span class='ocrx_word' id='word_1_96' title='bbox 1250 1134 1506 1233; x_wconf 80' lang='lat' dir='ltr'><em>bonajrestoram</em></span> <span class='ocrx_word' id='word_1_97' title='bbox 1529 1133 1585 1232; x_wconf 76' lang='lat' dir='ltr'><em>effe</em></span> <span class='ocrx_word' id='word_1_98' title='bbox 1607 1140 1774 1206; x_wconf 83' lang='lat' dir='ltr'><em>meritoria</em></span> <span class='ocrx_word' id='word_1_99' title='bbox 1797 1159 1837 1206; x_wconf 85' lang='lat' dir='ltr'><em>ex</em></span> <span class='ocrx_word' id='word_1_100' title='bbox 1857 1142 2041 1237; x_wconf 84' lang='lat' dir='ltr'><em>condigno,</em></span> <span class='ocrx_word' id='word_1_101' title='bbox 2068 1165 2132 1211; x_wconf 79' lang='lat' dir='ltr'><em>non</em></span> 
     </span>
    </p>
   </div>
   <div class='ocr_carea' id='block_1_3' title="bbox 186 1227 2133 1332">
    <p class='ocr_par' dir='ltr' id='par_1_3' title="bbox 186 1227 2133 1332">
     <span class='ocr_line' id='line_1_9' title="bbox 186 1227 2133 1332; baseline 0.003 -29"><span class='ocrx_word' id='word_1_102' title='bbox 186 1235 206 1252; x_wconf 66' lang='grc'><em>“’</em></span> <span class='ocrx_word' id='word_1_103' title='bbox 326 1229 390 1305; x_wconf 85' lang='lat' dir='ltr'><em>sese</em></span> <span class='ocrx_word' id='word_1_104' title='bbox 401 1227 525 1307; x_wconf 84' lang='lat' dir='ltr'><em>exserit.</em></span> <span class='ocrx_word' id='word_1_105' title='bbox 575 1238 633 1319; x_wconf 87' lang='grc'><em>4.)</em></span> <span class='ocrx_word' id='word_1_106' title='bbox 657 1236 699 1306; x_wconf 87' lang='lat' dir='ltr'><em>In</em></span> <span class='ocrx_word' id='word_1_107' title='bbox 713 1238 858 1328; x_wconf 86' lang='lat' dir='ltr'><em>operibns</em></span> <span class='ocrx_word' id='word_1_108' title='bbox 883 1236 1107 1328; x_wconf 77' lang='lat' dir='ltr'><em>temporalibus</em></span> <span class='ocrx_word' id='word_1_109' title='bbox 1130 1236 1202 1304; x_wconf 82' lang='lat' dir='ltr'><em>iicet</em></span> <span class='ocrx_word' id='word_1_110' title='bbox 1245 1234 1349 1328; x_wconf 75' lang='lat' dir='ltr'><em>fitium</em></span> <span class='ocrx_word' id='word_1_111' title='bbox 1368 1238 1494 1305; x_wconf 86' lang='lat' dir='ltr'><em>ratione</em></span> <span class='ocrx_word' id='word_1_112' title='bbox 1503 1235 1618 1327; x_wconf 74' lang='lat' dir='ltr'><em>pat-tt,</em></span> <span class='ocrx_word' id='word_1_113' title='bbox 1632 1235 1693 1329; x_wconf 80' lang='lat' dir='ltr'><em>sed</em></span> <span class='ocrx_word' id='word_1_114' title='bbox 1717 1237 1815 1304; x_wconf 85' lang='lat' dir='ltr'><em>etiam</em></span> <span class='ocrx_word' id='word_1_115' title='bbox 1842 1239 1967 1307; x_wconf 85' lang='lat' dir='ltr'><em>ratione</em></span> <span class='ocrx_word' id='word_1_116' title='bbox 1990 1260 2133 1332; x_wconf 81' lang='lat' dir='ltr'><em>operam.</em></span> 
     </span>
    </p>
   </div>
   <div class='ocr_carea' id='block_1_4' title="bbox 223 1330 2143 4104">
    <p class='ocr_par' dir='ltr' id='par_1_4' title="bbox 271 1330 2139 1928">
     <span class='ocr_line' id='line_1_10' title="bbox 271 1330 2136 1431; baseline 0.002 -28"><span class='ocrx_word' id='word_1_117' title='bbox 271 1409 273 1414; x_wconf 62' lang='grc'>,</span> <span class='ocrx_word' id='word_1_118' title='bbox 317 1331 468 1428; x_wconf 71' lang='lat' dir='ltr'><em>spcbiere</em></span> <span class='ocrx_word' id='word_1_119' title='bbox 474 1333 580 1429; x_wconf 86' lang='lat' dir='ltr'><em>finem</em></span> <span class='ocrx_word' id='word_1_120' title='bbox 600 1336 829 1427; x_wconf 81' lang='lat' dir='ltr'><em>temporalem,</em></span> <span class='ocrx_word' id='word_1_121' title='bbox 855 1348 892 1403; x_wconf 87' lang='lat' dir='ltr'><em>at</em></span> <span class='ocrx_word' id='word_1_122' title='bbox 917 1336 1128 1426; x_wconf 76' lang='lat' dir='ltr'><em>pharmacum</em></span> <span class='ocrx_word' id='word_1_123' title='bbox 1141 1332 1202 1426; x_wconf 86' lang='lat' dir='ltr'><em>sa·</em></span> <span class='ocrx_word' id='word_1_124' title='bbox 1252 1338 1614 1430; x_wconf 62' lang='lat' dir='ltr'><em>(Fateturautennnon</em></span> <span class='ocrx_word' id='word_1_125' title='bbox 1633 1330 1891 1420; x_wconf 66' lang='lat' dir='ltr'><em>solomonem,</em></span> <span class='ocrx_word' id='word_1_126' title='bbox 1917 1355 1993 1431; x_wconf 83' lang='lat' dir='ltr'><em>puta</em></span> <span class='ocrx_word' id='word_1_127' title='bbox 2013 1336 2136 1424; x_wconf 74' lang='lat' dir='ltr'><em>scirpia·</em></span> 
     </span>
     <span class='ocr_line' id='line_1_11' title="bbox 327 1427 2133 1531; baseline 0.001 -28"><span class='ocrx_word' id='word_1_128' title='bbox 327 1457 412 1503; x_wconf 86' lang='lat' dir='ltr'><em>merc</em></span> <span class='ocrx_word' id='word_1_129' title='bbox 428 1434 733 1531; x_wconf 78' lang='lat' dir='ltr'><em>gratiafianitatir,</em></span> <span class='ocrx_word' id='word_1_130' title='bbox 761 1458 859 1503; x_wconf 90' lang='lat' dir='ltr'><em>arare</em></span> <span class='ocrx_word' id='word_1_131' title='bbox 874 1432 1036 1527; x_wconf 74' lang='lat' dir='ltr'><em>&amp;serere</em></span> <span class='ocrx_word' id='word_1_132' title='bbox 1049 1433 1201 1529; x_wconf 76' lang='lat' dir='ltr'><em>spefra·</em></span> <span class='ocrx_word' id='word_1_133' title='bbox 1250 1432 1372 1508; x_wconf 76' lang='lat' dir='ltr'><em>tucos,</em></span> <span class='ocrx_word' id='word_1_134' title='bbox 1400 1429 1451 1504; x_wconf 87' lang='lat' dir='ltr'><em>sed</em></span> <span class='ocrx_word' id='word_1_135' title='bbox 1463 1438 1499 1503; x_wconf 76' lang='lat' dir='ltr'><em>bt</em></span> <span class='ocrx_word' id='word_1_136' title='bbox 1512 1436 1709 1502; x_wconf 78' lang='lat' dir='ltr'><em>recentiores</em></span> <span class='ocrx_word' id='word_1_137' title='bbox 1726 1427 1894 1524; x_wconf 82' lang='lat' dir='ltr'><em>scriptores</em></span> <span class='ocrx_word' id='word_1_138' title='bbox 1902 1434 2091 1529; x_wconf 88' lang='lat' dir='ltr'><em>pontificios</em></span> <span class='ocrx_word' id='word_1_139' title='bbox 2100 1439 2133 1505; x_wconf 85' lang='lat' dir='ltr'><em>in</em></span> 
     </span>
     <span class='ocr_line' id='line_1_12' title="bbox 325 1529 2134 1629; baseline -0.001 -25"><span class='ocrx_word' id='word_1_140' title='bbox 325 1532 398 1604; x_wconf 65' lang='lat' dir='ltr'><em>aas</em></span> <span class='ocrx_word' id='word_1_141' title='bbox 412 1536 627 1627; x_wconf 80' lang='lat' dir='ltr'><em>pmeipieadi,</em></span> <span class='ocrx_word' id='word_1_142' title='bbox 656 1557 783 1604; x_wconf 83' lang='lat' dir='ltr'><em>currere</em></span> <span class='ocrx_word' id='word_1_143' title='bbox 811 1537 845 1602; x_wconf 91' lang='lat' dir='ltr'><em>in</em></span> <span class='ocrx_word' id='word_1_144' title='bbox 856 1532 966 1629; x_wconf 79' lang='lat' dir='ltr'><em>stadio</em></span> <span class='ocrx_word' id='word_1_145' title='bbox 991 1534 1087 1627; x_wconf 83' lang='lat' dir='ltr'><em>caasa</em></span> <span class='ocrx_word' id='word_1_146' title='bbox 1106 1530 1203 1602; x_wconf 73' lang='lat' dir='ltr'><em>vibio·</em></span> <span class='ocrx_word' id='word_1_147' title='bbox 1250 1551 1292 1601; x_wconf 87' lang='lat' dir='ltr'><em>eo</em></span> <span class='ocrx_word' id='word_1_148' title='bbox 1313 1555 1381 1600; x_wconf 89' lang='lat' dir='ltr'><em>non</em></span> <span class='ocrx_word' id='word_1_149' title='bbox 1395 1531 1606 1620; x_wconf 83' lang='lat' dir='ltr'><em>eonvenite.)</em></span> <span class='ocrx_word' id='word_1_150' title='bbox 1629 1533 1709 1627; x_wconf 85' lang='lat' dir='ltr'><em>Cap.</em></span> <span class='ocrx_word' id='word_1_151' title='bbox 1732 1529 1835 1605; x_wconf 85' lang='lat' dir='ltr'><strong>XIX.</strong></span> <span class='ocrx_word' id='word_1_152' title='bbox 1857 1534 1987 1624; x_wconf 75' lang='lat' dir='ltr'><em>statuit,</em></span> <span class='ocrx_word' id='word_1_153' title='bbox 2020 1535 2134 1604; x_wconf 83' lang='lat' dir='ltr'><em>Deam</em></span> 
     </span>
     <span class='ocr_line' id='line_1_13' title="bbox 326 1617 2136 1729; baseline 0 -28"><span class='ocrx_word' id='word_1_154' title='bbox 326 1634 421 1701; x_wconf 87' lang='lat' dir='ltr'><em>riae:</em></span> <span class='ocrx_word' id='word_1_155' title='bbox 447 1638 566 1729; x_wconf 81' lang='lat' dir='ltr'><em>ergoin</em></span> <span class='ocrx_word' id='word_1_156' title='bbox 580 1632 846 1727; x_wconf 84' lang='lat' dir='ltr'><em>operespiritaab</em></span> <span class='ocrx_word' id='word_1_157' title='bbox 867 1635 900 1702; x_wconf 86' lang='lat' dir='ltr'><em>in</em></span> <span class='ocrx_word' id='word_1_158' title='bbox 916 1630 1012 1721; x_wconf 72' lang='lat' dir='ltr'><em>cursa</em></span> <span class='ocrx_word' id='word_1_159' title='bbox 1036 1630 1084 1706; x_wconf 58' lang='lat'><em>8⁹</em></span> <span class='ocrx_word' id='word_1_160' title='bbox 1103 1643 1203 1702; x_wconf 79' lang='lat' dir='ltr'><em>certa·</em></span> <span class='ocrx_word' id='word_1_161' title='bbox 1251 1627 1453 1699; x_wconf 66' lang='lat' dir='ltr'><em>renueretis</em></span> <span class='ocrx_word' id='word_1_162' title='bbox 1477 1653 1577 1723; x_wconf 79' lang='lat' dir='ltr'><em>opera</em></span> <span class='ocrx_word' id='word_1_163' title='bbox 1599 1633 1679 1700; x_wconf 89' lang='lat' dir='ltr'><em>bona</em></span> <span class='ocrx_word' id='word_1_164' title='bbox 1700 1630 1812 1725; x_wconf 85' lang='lat' dir='ltr'><em>supra</em></span> <span class='ocrx_word' id='word_1_165' title='bbox 1837 1635 2053 1729; x_wconf 79' lang='lat' dir='ltr'><em>condignam,</em></span> <span class='ocrx_word' id='word_1_166' title='bbox 2081 1617 2136 1703; x_wconf 64' lang='lat' dir='ltr'><em>ubi</em></span> 
     </span>
     <span class='ocr_line' id='line_1_14' title="bbox 325 1726 2137 1831; baseline -0.001 -29"><span class='ocrx_word' id='word_1_167' title='bbox 325 1733 411 1802; x_wconf 83' lang='lat' dir='ltr'><em>mine</em></span> <span class='ocrx_word' id='word_1_168' title='bbox 425 1736 465 1801; x_wconf 91' lang='lat' dir='ltr'><em>ab</em></span> <span class='ocrx_word' id='word_1_169' title='bbox 483 1732 548 1827; x_wconf 76' lang='lat' dir='ltr'><em>iprso</em></span> <span class='ocrx_word' id='word_1_170' title='bbox 572 1735 642 1804; x_wconf 88' lang='lat' dir='ltr'><em>Deo</em></span> <span class='ocrx_word' id='word_1_171' title='bbox 651 1733 814 1831; x_wconf 75' lang='lat' dir='ltr'><em>proposito</em></span> <span class='ocrx_word' id='word_1_172' title='bbox 829 1731 898 1801; x_wconf 86' lang='lat' dir='ltr'><em>iicet</em></span> <span class='ocrx_word' id='word_1_173' title='bbox 917 1736 960 1800; x_wconf 75' lang='lat' dir='ltr'><em>aa</em></span> <span class='ocrx_word' id='word_1_174' title='bbox 982 1734 1133 1802; x_wconf 87' lang='lat' dir='ltr'><em>brabcum</em></span> <span class='ocrx_word' id='word_1_175' title='bbox 1143 1730 1205 1825; x_wconf 80' lang='lat' dir='ltr'><em>sa-</em></span> <span class='ocrx_word' id='word_1_176' title='bbox 1251 1727 1366 1820; x_wconf 80' lang='lat' dir='ltr'><em>refeIIir</em></span> <span class='ocrx_word' id='word_1_177' title='bbox 1382 1726 1543 1799; x_wconf 74' lang='lat' dir='ltr'><em>Andream</em></span> <span class='ocrx_word' id='word_1_178' title='bbox 1557 1731 1694 1827; x_wconf 83' lang='lat' dir='ltr'><em>Vegatn.</em></span> <span class='ocrx_word' id='word_1_179' title='bbox 1718 1733 1791 1824; x_wconf 81' lang='lat' dir='ltr'><em>(At</em></span> <span class='ocrx_word' id='word_1_180' title='bbox 1808 1727 1934 1802; x_wconf 84' lang='lat' dir='ltr'><em>fiDeus</em></span> <span class='ocrx_word' id='word_1_181' title='bbox 1947 1755 2137 1803; x_wconf 79' lang='lat' dir='ltr'><em>remunera·</em></span> 
     </span>
     <span class='ocr_line' id='line_1_15' title="bbox 322 1822 2139 1928; baseline -0.001 -28"><span class='ocrx_word' id='word_1_182' title='bbox 322 1840 446 1926; x_wconf 70' lang='lat' dir='ltr'><em>pernae</em></span> <span class='ocrx_word' id='word_1_183' title='bbox 475 1834 649 1902; x_wconf 80' lang='lat' dir='ltr'><em>vocationis</em></span> <span class='ocrx_word' id='word_1_184' title='bbox 679 1835 856 1899; x_wconf 77' lang='lat' dir='ltr'><em>adtendere.</em></span> <span class='ocrx_word' id='word_1_185' title='bbox 916 1828 1012 1925; x_wconf 87' lang='lat' dir='ltr'><em>Resp.</em></span> <span class='ocrx_word' id='word_1_186' title='bbox 1040 1827 1204 1900; x_wconf 80' lang='lat' dir='ltr'><em>conclusio</em></span> <span class='ocrx_word' id='word_1_187' title='bbox 1239 1835 1302 1898; x_wconf 81' lang='lat' dir='ltr'><em>&#39;tur</em></span> <span class='ocrx_word' id='word_1_188' title='bbox 1331 1827 1416 1897; x_wconf 81' lang='lat' dir='ltr'><em>bona</em></span> <span class='ocrx_word' id='word_1_189' title='bbox 1447 1851 1548 1924; x_wconf 87' lang='lat' dir='ltr'><em>opert</em></span> <span class='ocrx_word' id='word_1_190' title='bbox 1571 1822 1664 1924; x_wconf 79' lang='lat' dir='ltr'><em>supra</em></span> <span class='ocrx_word' id='word_1_191' title='bbox 1697 1825 1922 1925; x_wconf 82' lang='lat' dir='ltr'><em>condignum,</em></span> <span class='ocrx_word' id='word_1_192' title='bbox 1962 1827 2139 1928; x_wconf 85' lang='lat' dir='ltr'><em>quomodo</em></span> 
     </span>
    </p>

    <p class='ocr_par' dir='ltr' id='par_1_5' title="bbox 303 1924 2139 2524">
     <span class='ocr_line' id='line_1_16' title="bbox 303 1924 2136 2028; baseline 0 -30"><span class='ocrx_word' id='word_1_193' title='bbox 303 1967 305 1972; x_wconf 96' lang='lat'>·</span> <span class='ocrx_word' id='word_1_194' title='bbox 326 1934 511 2025; x_wconf 82' lang='lat' dir='ltr'><em>argumenti</em></span> <span class='ocrx_word' id='word_1_195' title='bbox 533 1931 648 2000; x_wconf 72' lang='lat' dir='ltr'><em>nostre</em></span> <span class='ocrx_word' id='word_1_196' title='bbox 678 1924 839 1999; x_wconf 81' lang='lat' dir='ltr'><em>sententiae</em></span> <span class='ocrx_word' id='word_1_197' title='bbox 861 1953 927 1997; x_wconf 80' lang='lat' dir='ltr'><em>non</em></span> <span class='ocrx_word' id='word_1_198' title='bbox 950 1924 1152 2011; x_wconf 55' lang='lat' dir='ltr'><em>adversatum</em></span> <span class='ocrx_word' id='word_1_199' title='bbox 1180 1926 1203 1996; x_wconf 83' lang='lat' dir='ltr'><em>st</em></span> <span class='ocrx_word' id='word_1_200' title='bbox 1251 1950 1345 1997; x_wconf 90' lang='lat' dir='ltr'><em>erunt</em></span> <span class='ocrx_word' id='word_1_201' title='bbox 1361 1930 1526 1998; x_wconf 85' lang='lat' dir='ltr'><em>meritoria</em></span> <span class='ocrx_word' id='word_1_202' title='bbox 1543 1951 1581 1996; x_wconf 85' lang='lat' dir='ltr'><em>ex</em></span> <span class='ocrx_word' id='word_1_203' title='bbox 1606 1925 1802 2024; x_wconf 78' lang='lat' dir='ltr'><em>condigno?</em></span> <span class='ocrx_word' id='word_1_204' title='bbox 1840 1929 1873 1997; x_wconf 85' lang='lat' dir='ltr'><em>Si</em></span> <span class='ocrx_word' id='word_1_205' title='bbox 1892 1928 2136 2028; x_wconf 81' lang='lat' dir='ltr'><em>gradibus-gio-</em></span> 
     </span>
     <span class='ocr_line' id='line_1_17' title="bbox 327 2019 2139 2124; baseline 0.001 -28"><span class='ocrx_word' id='word_1_206' title='bbox 327 2049 407 2099; x_wconf 80' lang='lat' dir='ltr'><em>nero</em></span> <span class='ocrx_word' id='word_1_207' title='bbox 429 2025 519 2099; x_wconf 82' lang='lat' dir='ltr'><em>iatius</em></span> <span class='ocrx_word' id='word_1_208' title='bbox 544 2023 750 2103; x_wconf 82' lang='lat' dir='ltr'><em>extendatur,</em></span> <span class='ocrx_word' id='word_1_209' title='bbox 789 2023 878 2121; x_wconf 81' lang='lat' dir='ltr'><em>quasi</em></span> <span class='ocrx_word' id='word_1_210' title='bbox 903 2049 1001 2119; x_wconf 81' lang='lat' dir='ltr'><em>opera</em></span> <span class='ocrx_word' id='word_1_211' title='bbox 1031 2023 1092 2095; x_wconf 88' lang='lat' dir='ltr'><em>sint</em></span> <span class='ocrx_word' id='word_1_212' title='bbox 1113 2019 1203 2096; x_wconf 81' lang='lat' dir='ltr'><em>causa</em></span> <span class='ocrx_word' id='word_1_213' title='bbox 1251 2030 1305 2095; x_wconf 80' lang='lat' dir='ltr'><em>riae</em></span> <span class='ocrx_word' id='word_1_214' title='bbox 1325 2029 1357 2092; x_wconf 89' lang='lat' dir='ltr'><em>in</em></span> <span class='ocrx_word' id='word_1_215' title='bbox 1375 2027 1439 2095; x_wconf 79' lang='lat' dir='ltr'><em>vite</em></span> <span class='ocrx_word' id='word_1_216' title='bbox 1454 2045 1571 2094; x_wconf 78' lang='lat' dir='ltr'><em>aterna</em></span> <span class='ocrx_word' id='word_1_217' title='bbox 1592 2024 1679 2095; x_wconf 88' lang='lat' dir='ltr'><em>bona</em></span> <span class='ocrx_word' id='word_1_218' title='bbox 1701 2049 1800 2123; x_wconf 83' lang='lat' dir='ltr'><em>opera</em></span> <span class='ocrx_word' id='word_1_219' title='bbox 1825 2022 1906 2096; x_wconf 81' lang='lat' dir='ltr'><em>ultra</em></span> <span class='ocrx_word' id='word_1_220' title='bbox 1930 2029 2139 2124; x_wconf 81' lang='lat' dir='ltr'><em>condignum</em></span> 
     </span>
     <span class='ocr_line' id='line_1_18' title="bbox 326 2119 2137 2222; baseline 0.002 -29"><span class='ocrx_word' id='word_1_221' title='bbox 326 2127 399 2195; x_wconf 78' lang='lat' dir='ltr'><em>vitre</em></span> <span class='ocrx_word' id='word_1_222' title='bbox 415 2151 565 2213; x_wconf 77' lang='lat' dir='ltr'><em>acernae,</em></span> <span class='ocrx_word' id='word_1_223' title='bbox 589 2124 667 2196; x_wconf 82' lang='lat' dir='ltr'><em>sicut</em></span> <span class='ocrx_word' id='word_1_224' title='bbox 683 2125 896 2220; x_wconf 71' lang='lat' dir='ltr'><em>pharmacum</em></span> <span class='ocrx_word' id='word_1_225' title='bbox 917 2119 1072 2213; x_wconf 74' lang='lat' dir='ltr'><em>sanitatis,</em></span> <span class='ocrx_word' id='word_1_226' title='bbox 1093 2119 1203 2195; x_wconf 83' lang='lat' dir='ltr'><em>senten</em></span> <span class='ocrx_word' id='word_1_227' title='bbox 1251 2119 1521 2219; x_wconf 76' lang='lat' dir='ltr'><em>compensantur,</em></span> <span class='ocrx_word' id='word_1_228' title='bbox 1535 2120 1707 2222; x_wconf 88' lang='lat' dir='ltr'><em>quomodo</em></span> <span class='ocrx_word' id='word_1_229' title='bbox 1724 2121 1789 2220; x_wconf 80' lang='lat' dir='ltr'><em>ipse</em></span> <span class='ocrx_word' id='word_1_230' title='bbox 1806 2128 1997 2197; x_wconf 76' lang='lat' dir='ltr'><em>vittnternn</em></span> <span class='ocrx_word' id='word_1_231' title='bbox 2012 2149 2137 2196; x_wconf 84' lang='lat' dir='ltr'><em>excon-</em></span> 
     </span>
     <span class='ocr_line' id='line_1_19' title="bbox 327 2215 2139 2322; baseline -0.002 -26"><span class='ocrx_word' id='word_1_232' title='bbox 327 2218 522 2305; x_wconf 54' lang='lat' dir='ltr'><em>stamnum,</em></span> <span class='ocrx_word' id='word_1_233' title='bbox 546 2218 655 2296; x_wconf 82' lang='lat' dir='ltr'><em>cursus</em></span> <span class='ocrx_word' id='word_1_234' title='bbox 669 2223 833 2298; x_wconf 74' lang='lat' dir='ltr'><em>visioriae,</em></span> <span class='ocrx_word' id='word_1_235' title='bbox 861 2221 995 2319; x_wconf 75' lang='lat' dir='ltr'><em>adparet</em></span> <span class='ocrx_word' id='word_1_236' title='bbox 1008 2249 1044 2294; x_wconf 87' lang='lat' dir='ltr'><em>ex</em></span> <span class='ocrx_word' id='word_1_237' title='bbox 1062 2215 1204 2320; x_wconf 89' lang='lat' dir='ltr'><em>superio·</em></span> <span class='ocrx_word' id='word_1_238' title='bbox 1243 2228 1351 2314; x_wconf 50' lang='lat' dir='ltr'><em>‘digno</em></span> <span class='ocrx_word' id='word_1_239' title='bbox 1381 2248 1518 2318; x_wconf 84' lang='lat' dir='ltr'><em>operum</em></span> <span class='ocrx_word' id='word_1_240' title='bbox 1543 2224 1664 2294; x_wconf 87' lang='lat' dir='ltr'><em>meritis</em></span> <span class='ocrx_word' id='word_1_241' title='bbox 1700 2220 1893 2315; x_wconf 59' lang='lat' dir='ltr'><em>debeturi)</em></span> <span class='ocrx_word' id='word_1_242' title='bbox 1953 2227 2036 2322; x_wconf 79' lang='lat' dir='ltr'><em>Cep.</em></span> <span class='ocrx_word' id='word_1_243' title='bbox 2053 2217 2139 2300; x_wconf 82' lang='lat' dir='ltr'><em>XX.</em></span> 
     </span>
     <span class='ocr_line' id='line_1_20' title="bbox 328 2316 2138 2424; baseline 0.001 -32"><span class='ocrx_word' id='word_1_244' title='bbox 328 2323 440 2401; x_wconf 75' lang='lat' dir='ltr'><em>rbus,</em></span> <span class='ocrx_word' id='word_1_245' title='bbox 468 2323 546 2424; x_wconf 87' lang='lat' dir='ltr'><em>quid</em></span> <span class='ocrx_word' id='word_1_246' title='bbox 570 2322 612 2394; x_wconf 82' lang='lat' dir='ltr'><em>ad</em></span> <span class='ocrx_word' id='word_1_247' title='bbox 634 2322 690 2392; x_wconf 85' lang='lat' dir='ltr'><em>has</em></span> <span class='ocrx_word' id='word_1_248' title='bbox 715 2318 941 2392; x_wconf 77' lang='lat' dir='ltr'><em>firnisitudineo</em></span> <span class='ocrx_word' id='word_1_249' title='bbox 965 2321 1046 2392; x_wconf 82' lang='lat' dir='ltr'><em>ultra</em></span> <span class='ocrx_word' id='word_1_250' title='bbox 1072 2319 1205 2421; x_wconf 85' lang='lat' dir='ltr'><em>scopum</em></span> <span class='ocrx_word' id='word_1_251' title='bbox 1252 2322 1350 2400; x_wconf 86' lang='lat' dir='ltr'><strong>XXI·</strong></span> <span class='ocrx_word' id='word_1_252' title='bbox 1368 2322 1486 2398; x_wconf 85' lang='lat' dir='ltr'><strong>XXII.</strong></span> <span class='ocrx_word' id='word_1_253' title='bbox 1510 2316 1650 2416; x_wconf 84' lang='lat' dir='ltr'><em>disputat</em></span> <span class='ocrx_word' id='word_1_254' title='bbox 1671 2320 1711 2393; x_wconf 92' lang='lat' dir='ltr'><em>de</em></span> <span class='ocrx_word' id='word_1_255' title='bbox 1733 2326 1797 2408; x_wconf 84' lang='lat' dir='ltr'><em>eis,</em></span> <span class='ocrx_word' id='word_1_256' title='bbox 1834 2349 1906 2419; x_wconf 86' lang='lat' dir='ltr'><em>quae</em></span> <span class='ocrx_word' id='word_1_257' title='bbox 1933 2322 2056 2395; x_wconf 76' lang='lat' dir='ltr'><em>cadunt</em></span> <span class='ocrx_word' id='word_1_258' title='bbox 2076 2321 2138 2394; x_wconf 86' lang='lat' dir='ltr'><em>sub</em></span> 
     </span>
     <span class='ocr_line' id='line_1_21' title="bbox 328 2416 1864 2524; baseline -0.003 -29"><span class='ocrx_word' id='word_1_259' title='bbox 328 2424 543 2524; x_wconf 72' lang='lat' dir='ltr'><em>apostolicum</em></span> <span class='ocrx_word' id='word_1_260' title='bbox 560 2416 718 2511; x_wconf 84' lang='lat' dir='ltr'><em>extensas,</em></span> <span class='ocrx_word' id='word_1_261' title='bbox 746 2420 781 2494; x_wconf 85' lang='lat' dir='ltr'><em>stt</em></span> <span class='ocrx_word' id='word_1_262' title='bbox 803 2420 1074 2517; x_wconf 84' lang='lat' dir='ltr'><em>respondendum.</em></span> <span class='ocrx_word' id='word_1_263' title='bbox 1251 2425 1427 2499; x_wconf 60' lang='lat' dir='ltr'><em>meritone</em></span> <span class='ocrx_word' id='word_1_264' title='bbox 1444 2422 1548 2489; x_wconf 80' lang='lat' dir='ltr'><em>siatuit</em></span> <span class='ocrx_word' id='word_1_265' title='bbox 1572 2418 1864 2514; x_wconf 82' lang='lat' dir='ltr'><em>1.)Vctotnaeter-</em></span> 
     </span>
    </p>

    <p class='ocr_par' dir='ltr' id='par_1_6' title="bbox 652 2517 2143 2718">
     <span class='ocr_line' id='line_1_22' title="bbox 1251 2517 2142 2619; baseline -0.004 -29"><span class='ocrx_word' id='word_1_266' title='bbox 1251 2545 1351 2598; x_wconf 83' lang='lat' dir='ltr'><em>narn,</em></span> <span class='ocrx_word' id='word_1_267' title='bbox 1377 2524 1475 2590; x_wconf 86' lang='lat' dir='ltr'><em>ctiam</em></span> <span class='ocrx_word' id='word_1_268' title='bbox 1503 2524 1609 2612; x_wconf 79' lang='lat' dir='ltr'><em>quoad</em></span> <span class='ocrx_word' id='word_1_269' title='bbox 1629 2524 1775 2613; x_wconf 83' lang='lat' dir='ltr'><em>primam</em></span> <span class='ocrx_word' id='word_1_270' title='bbox 1796 2524 1866 2619; x_wconf 80' lang='lat' dir='ltr'><em>ejas</em></span> <span class='ocrx_word' id='word_1_271' title='bbox 1914 2517 1961 2578; x_wconf 75' lang='lat' dir='ltr'><em>Dr</em></span> <span class='ocrx_word' id='word_1_272' title='bbox 1980 2522 2040 2587; x_wconf 80' lang='lat' dir='ltr'><em>tiis,</em></span> <span class='ocrx_word' id='word_1_273' title='bbox 2079 2537 2142 2600; x_wconf 70' lang='lat' dir='ltr'><em>que</em></span> 
     </span>
     <span class='ocr_line' id='line_1_23' title="bbox 652 2596 2143 2718; baseline 0 -24"><span class='ocrx_word' id='word_1_274' title='bbox 652 2615 689 2717; x_wconf 69' lang='lat'><em>§·</em></span> <span class='ocrx_word' id='word_1_275' title='bbox 716 2618 880 2695; x_wconf 86' lang='lat' dir='ltr'><strong>CXXXI.</strong></span> <span class='ocrx_word' id='word_1_276' title='bbox 907 2621 991 2716; x_wconf 83' lang='lat' dir='ltr'><em>Cap.</em></span> <span class='ocrx_word' id='word_1_277' title='bbox 1016 2619 1056 2687; x_wconf 84' lang='lat' dir='ltr'><em>X.</em></span> <span class='ocrx_word' id='word_1_278' title='bbox 1086 2625 1121 2689; x_wconf 89' lang='lat'>&amp;</span> <span class='ocrx_word' id='word_1_279' title='bbox 1139 2615 1202 2716; x_wconf 89' lang='lat' dir='ltr'><em>seq.</em></span> <span class='ocrx_word' id='word_1_280' title='bbox 1247 2620 1866 2718; x_wconf 77' lang='lat' dir='ltr'><em>gradamreddibonoramoperamme·</em></span> <span class='ocrx_word' id='word_1_281' title='bbox 1914 2596 2143 2694; x_wconf 50' lang='lat' dir='ltr'><em>“d“”fft‘sffl‘</em></span> 
     </span>
    </p>

    <p class='ocr_par' dir='ltr' id='par_1_7' title="bbox 331 2697 2143 2918">
     <span class='ocr_line' id='line_1_24' title="bbox 331 2697 2062 2833; baseline 0 -45"><span class='ocrx_word' id='word_1_282' title='bbox 331 2744 552 2833; x_wconf 53' lang='lat' dir='ltr'><em>Qaemupeio.</em></span> <span class='ocrx_word' id='word_1_283' title='bbox 602 2725 746 2817; x_wconf 87' lang='lat' dir='ltr'><em>quinque</em></span> <span class='ocrx_word' id='word_1_284' title='bbox 769 2743 860 2815; x_wconf 79' lang='lat' dir='ltr'><em>capp.</em></span> <span class='ocrx_word' id='word_1_285' title='bbox 885 2716 1020 2815; x_wconf 79' lang='lat' dir='ltr'><em>disputat</em></span> <span class='ocrx_word' id='word_1_286' title='bbox 1042 2716 1207 2786; x_wconf 83' lang='lat' dir='ltr'><em>Beliarmi·</em></span> <span class='ocrx_word' id='word_1_287' title='bbox 1252 2721 1337 2789; x_wconf 82' lang='lat' dir='ltr'><em>ritis.</em></span> <span class='ocrx_word' id='word_1_288' title='bbox 1375 2720 1526 2811; x_wconf 76' lang='lat' dir='ltr'><em>(Fatetur</em></span> <span class='ocrx_word' id='word_1_289' title='bbox 1548 2737 1676 2795; x_wconf 83' lang='lat' dir='ltr'><em>autem,</em></span> <span class='ocrx_word' id='word_1_290' title='bbox 1703 2716 1863 2816; x_wconf 85' lang='lat' dir='ltr'><em>quosdam</em></span> <span class='ocrx_word' id='word_1_291' title='bbox 1990 2697 2062 2741; x_wconf 51' lang='grc' dir='ltr'><em>’Μ’</em></span> 
     </span>
     <span class='ocr_line' id='line_1_25' title="bbox 350 2812 2143 2918; baseline 0.002 -32"><span class='ocrx_word' id='word_1_292' title='bbox 350 2828 439 2886; x_wconf 72' lang='lat' dir='ltr'><em>nesea</em></span> <span class='ocrx_word' id='word_1_293' title='bbox 453 2830 536 2918; x_wconf 73' lang='lat' dir='ltr'><em>meri·</em></span> <span class='ocrx_word' id='word_1_294' title='bbox 602 2842 662 2888; x_wconf 89' lang='lat' dir='ltr'><em>nus</em></span> <span class='ocrx_word' id='word_1_295' title='bbox 674 2818 716 2888; x_wconf 89' lang='lat' dir='ltr'><em>de</em></span> <span class='ocrx_word' id='word_1_296' title='bbox 730 2820 978 2907; x_wconf 78' lang='lat' dir='ltr'><em>conditionibus,</em></span> <span class='ocrx_word' id='word_1_297' title='bbox 1003 2812 1124 2914; x_wconf 79' lang='lat' dir='ltr'><em>quaeed</em></span> <span class='ocrx_word' id='word_1_298' title='bbox 1140 2839 1207 2883; x_wconf 87' lang='lat' dir='ltr'><em>me·</em></span> <span class='ocrx_word' id='word_1_299' title='bbox 1251 2843 1291 2889; x_wconf 89' lang='lat' dir='ltr'><em>ex</em></span> <span class='ocrx_word' id='word_1_300' title='bbox 1305 2815 1379 2914; x_wconf 81' lang='lat' dir='ltr'><em>ipsis</em></span> <span class='ocrx_word' id='word_1_301' title='bbox 1399 2814 1572 2912; x_wconf 86' lang='lat' dir='ltr'><em>pontificiis</em></span> <span class='ocrx_word' id='word_1_302' title='bbox 1587 2819 1743 2892; x_wconf 84' lang='lat' dir='ltr'><em>statuere,</em></span> <span class='ocrx_word' id='word_1_303' title='bbox 1776 2821 1874 2886; x_wconf 84' lang='lat' dir='ltr'><em>vitam</em></span> <span class='ocrx_word' id='word_1_304' title='bbox 1894 2832 2049 2888; x_wconf 75' lang='lat' dir='ltr'><em>eternam</em></span> <span class='ocrx_word' id='word_1_305' title='bbox 2072 2842 2143 2890; x_wconf 85' lang='lat' dir='ltr'><em>nou</em></span> 
     </span>
    </p>

    <p class='ocr_par' dir='ltr' id='par_1_8' title="bbox 226 2914 2143 3011">
     <span class='ocr_line' id='line_1_26' title="bbox 226 2914 2143 3011; baseline 0.002 -27"><span class='ocrx_word' id='word_1_306' title='bbox 226 2923 228 2927; x_wconf 78' lang='grc'>’</span> <span class='ocrx_word' id='word_1_307' title='bbox 331 2925 392 2968; x_wconf 64' lang='lat'><em>¹⁸¹⁰</em></span> <span class='ocrx_word' id='word_1_308' title='bbox 409 2923 552 2984; x_wconf 61' lang='grc' dir='ltr'><em>’ΨΜ</em></span> <span class='ocrx_word' id='word_1_309' title='bbox 603 2921 705 2987; x_wconf 87' lang='lat' dir='ltr'><em>rirurn</em></span> <span class='ocrx_word' id='word_1_310' title='bbox 730 2921 802 2988; x_wconf 80' lang='lat' dir='ltr'><em>viret</em></span> <span class='ocrx_word' id='word_1_311' title='bbox 818 2935 960 2993; x_wconf 81' lang='lat' dir='ltr'><em>aeternae,</em></span> <span class='ocrx_word' id='word_1_312' title='bbox 985 2923 1110 2986; x_wconf 73' lang='lat' dir='ltr'><em>tere&amp;</em></span> <span class='ocrx_word' id='word_1_313' title='bbox 1131 2938 1206 3011; x_wconf 84' lang='lat' dir='ltr'><em>pro·</em></span> <span class='ocrx_word' id='word_1_314' title='bbox 1254 2914 1438 2987; x_wconf 79' lang='lat' dir='ltr'><em>erderesub</em></span> <span class='ocrx_word' id='word_1_315' title='bbox 1462 2917 1642 2993; x_wconf 86' lang='lat' dir='ltr'><em>meritum,</em></span> <span class='ocrx_word' id='word_1_316' title='bbox 1669 2943 1743 2986; x_wconf 89' lang='lat' dir='ltr'><em>curn</em></span> <span class='ocrx_word' id='word_1_317' title='bbox 1765 2916 1919 2988; x_wconf 80' lang='lat' dir='ltr'><em>debeatur</em></span> <span class='ocrx_word' id='word_1_318' title='bbox 1945 2921 2014 3007; x_wconf 87' lang='lat' dir='ltr'><em>jure</em></span> <span class='ocrx_word' id='word_1_319' title='bbox 2042 2917 2143 2988; x_wconf 76' lang='lat' dir='ltr'><em>heere-</em></span> 
     </span>
    </p>

    <p class='ocr_par' dir='ltr' id='par_1_9' title="bbox 331 3004 2141 3313">
     <span class='ocr_line' id='line_1_27' title="bbox 414 3004 2141 3112; baseline -0.001 -27"><span class='ocrx_word' id='word_1_320' title='bbox 414 3004 475 3047; x_wconf 62' lang='lat' dir='ltr'><em>m·</em></span> <span class='ocrx_word' id='word_1_321' title='bbox 603 3017 672 3112; x_wconf 88' lang='lat' dir='ltr'><em>prie</em></span> <span class='ocrx_word' id='word_1_322' title='bbox 707 3013 747 3086; x_wconf 83' lang='lat' dir='ltr'><em>sic</em></span> <span class='ocrx_word' id='word_1_323' title='bbox 777 3015 927 3108; x_wconf 76' lang='lat' dir='ltr'><em>diuum,</em></span> <span class='ocrx_word' id='word_1_324' title='bbox 976 3019 1207 3111; x_wconf 89' lang='lat' dir='ltr'><em>requiruntur,</em></span> <span class='ocrx_word' id='word_1_325' title='bbox 1255 3013 1360 3085; x_wconf 80' lang='lat' dir='ltr'><em>ditaris</em></span> <span class='ocrx_word' id='word_1_326' title='bbox 1381 3014 1529 3084; x_wconf 85' lang='lat' dir='ltr'><em>omnibus</em></span> <span class='ocrx_word' id='word_1_327' title='bbox 1549 3018 1609 3084; x_wconf 90' lang='lat' dir='ltr'><em>Dei</em></span> <span class='ocrx_word' id='word_1_328' title='bbox 1629 3014 1728 3099; x_wconf 83' lang='lat' dir='ltr'><em>siliis,</em></span> <span class='ocrx_word' id='word_1_329' title='bbox 1754 3013 1819 3086; x_wconf 89' lang='lat' dir='ltr'><em>hoc</em></span> <span class='ocrx_word' id='word_1_330' title='bbox 1840 3006 1929 3110; x_wconf 87' lang='lat' dir='ltr'><em>ipso,</em></span> <span class='ocrx_word' id='word_1_331' title='bbox 1977 3015 2045 3086; x_wconf 92' lang='lat' dir='ltr'><em>uod</em></span> <span class='ocrx_word' id='word_1_332' title='bbox 2070 3011 2141 3085; x_wconf 87' lang='lat' dir='ltr'><em>sunt</em></span> 
     </span>
     <span class='ocr_line' id='line_1_28' title="bbox 604 3040 2141 3214; baseline 0 -31"><span class='ocrx_word' id='word_1_333' title='bbox 604 3139 681 3214; x_wconf 85' lang='lat' dir='ltr'><em>quas</em></span> <span class='ocrx_word' id='word_1_334' title='bbox 706 3111 882 3212; x_wconf 80' lang='lat' dir='ltr'><em>septenario</em></span> <span class='ocrx_word' id='word_1_335' title='bbox 902 3112 1209 3205; x_wconf 78' lang='lat' dir='ltr'><em>numeroincsudir3</em></span> <span class='ocrx_word' id='word_1_336' title='bbox 1255 3115 1316 3184; x_wconf 89' lang='lat' dir='ltr'><em>Dei</em></span> <span class='ocrx_word' id='word_1_337' title='bbox 1350 3109 1434 3190; x_wconf 81' lang='lat' dir='ltr'><em>fibi,</em></span> <span class='ocrx_word' id='word_1_338' title='bbox 1474 3138 1544 3208; x_wconf 86' lang='lat' dir='ltr'><em>quae</em></span> <span class='ocrx_word' id='word_1_339' title='bbox 1581 3115 1625 3183; x_wconf 89' lang='lat' dir='ltr'><em>est</em></span> <span class='ocrx_word' id='word_1_340' title='bbox 1658 3119 1755 3183; x_wconf 81' lang='lat' dir='ltr'><em>etiam</em></span> <span class='ocrx_word' id='word_1_341' title='bbox 1804 3112 1913 3183; x_wconf 79' lang='lat' dir='ltr'><em>nossra&#39;</em></span> <span class='ocrx_word' id='word_1_342' title='bbox 1953 3040 2141 3200; x_wconf 75' lang='lat' dir='ltr'><em>sententie)</em></span> 
     </span>
     <span class='ocr_line' id='line_1_29' title="bbox 331 3210 2140 3313; baseline -0.003 -28"><span class='ocrx_word' id='word_1_343' title='bbox 331 3216 452 3313; x_wconf 85' lang='lat' dir='ltr'><em>requiri</em></span> <span class='ocrx_word' id='word_1_344' title='bbox 479 3215 564 3284; x_wconf 89' lang='lat' dir='ltr'><em>enim</em></span> <span class='ocrx_word' id='word_1_345' title='bbox 597 3213 716 3283; x_wconf 81' lang='lat' dir='ltr'>scribit:</span> <span class='ocrx_word' id='word_1_346' title='bbox 763 3214 814 3306; x_wconf 90' lang='lat' dir='ltr'><em>r.)</em></span> <span class='ocrx_word' id='word_1_347' title='bbox 847 3216 893 3284; x_wconf 89' lang='lat' dir='ltr'><em>Ut</em></span> <span class='ocrx_word' id='word_1_348' title='bbox 906 3215 953 3313; x_wconf 77' lang='lat' dir='ltr'><em>stt</em></span> <span class='ocrx_word' id='word_1_349' title='bbox 974 3238 1053 3305; x_wconf 85' lang='lat' dir='ltr'><em>opus</em></span> <span class='ocrx_word' id='word_1_350' title='bbox 1080 3216 1207 3282; x_wconf 80' lang='lat' dir='ltr'><em>bonane.</em></span> <span class='ocrx_word' id='word_1_351' title='bbox 1258 3212 1315 3304; x_wconf 87' lang='lat'><em>2.)</em></span> <span class='ocrx_word' id='word_1_352' title='bbox 1343 3212 1500 3280; x_wconf 81' lang='lat' dir='ltr'><em>Gratiam</em></span> <span class='ocrx_word' id='word_1_353' title='bbox 1528 3212 1770 3310; x_wconf 83' lang='lat' dir='ltr'><em>justificationis</em></span> <span class='ocrx_word' id='word_1_354' title='bbox 1804 3237 1868 3282; x_wconf 86' lang='lat' dir='ltr'><em>non</em></span> <span class='ocrx_word' id='word_1_355' title='bbox 1892 3210 1979 3310; x_wconf 79' lang='lat' dir='ltr'><em>pttffc</em></span> <span class='ocrx_word' id='word_1_356' title='bbox 2004 3214 2140 3284; x_wconf 75' lang='lat' dir='ltr'><em>obtineri</em></span> 
     </span>
    </p>

    <p class='ocr_par' dir='ltr' id='par_1_10' title="bbox 223 3310 2140 3610">
     <span class='ocr_line' id='line_1_30' title="bbox 223 3310 2140 3409; baseline -0.003 -22"><span class='ocrx_word' id='word_1_357' title='bbox 223 3313 233 3326; x_wconf 76' lang='grc'><em>’</em></span> <span class='ocrx_word' id='word_1_358' title='bbox 333 3317 456 3400; x_wconf 84' lang='lat' dir='ltr'><em>2.)Ut</em></span> <span class='ocrx_word' id='word_1_359' title='bbox 463 3313 533 3406; x_wconf 83' lang='lat' dir='ltr'><em>fiat</em></span> <span class='ocrx_word' id='word_1_360' title='bbox 548 3316 580 3381; x_wconf 90' lang='lat' dir='ltr'><em>in</em></span> <span class='ocrx_word' id='word_1_361' title='bbox 593 3313 656 3381; x_wconf 90' lang='lat' dir='ltr'><em>Dei</em></span> <span class='ocrx_word' id='word_1_362' title='bbox 671 3313 858 3409; x_wconf 83' lang='lat' dir='ltr'><em>obsequium.</em></span> <span class='ocrx_word' id='word_1_363' title='bbox 913 3310 971 3406; x_wconf 86' lang='lat'><em>3.)</em></span> <span class='ocrx_word' id='word_1_364' title='bbox 1004 3314 1210 3403; x_wconf 52' lang='lat' dir='ltr'><em>Uraniae-</em></span> <span class='ocrx_word' id='word_1_365' title='bbox 1255 3334 1352 3405; x_wconf 80' lang='lat' dir='ltr'><em>neqctc</em></span> <span class='ocrx_word' id='word_1_366' title='bbox 1379 3336 1419 3379; x_wconf 83' lang='lat' dir='ltr'><em>ex</em></span> <span class='ocrx_word' id='word_1_367' title='bbox 1440 3313 1617 3407; x_wconf 71' lang='lat' dir='ltr'><em>condigno,</em></span> <span class='ocrx_word' id='word_1_368' title='bbox 1643 3337 1743 3407; x_wconf 78' lang='lat' dir='ltr'><em>neque</em></span> <span class='ocrx_word' id='word_1_369' title='bbox 1767 3337 1806 3381; x_wconf 76' lang='lat' dir='ltr'><em>ea·</em></span> <span class='ocrx_word' id='word_1_370' title='bbox 1840 3336 1981 3408; x_wconf 81' lang='lat' dir='ltr'><em>congruo</em></span> <span class='ocrx_word' id='word_1_371' title='bbox 2019 3313 2140 3382; x_wconf 80' lang='lat' dir='ltr'><em>meritis</em></span> 
     </span>
     <span class='ocr_line' id='line_1_31' title="bbox 330 3406 2139 3512; baseline -0.002 -31"><span class='ocrx_word' id='word_1_372' title='bbox 330 3427 443 3496; x_wconf 87' lang='lat' dir='ltr'><em>retar,</em></span> <span class='ocrx_word' id='word_1_373' title='bbox 468 3415 514 3512; x_wconf 73' lang='lat' dir='ltr'><em>fit</em></span> <span class='ocrx_word' id='word_1_374' title='bbox 547 3414 662 3479; x_wconf 86' lang='lat' dir='ltr'><em>uiator.</em></span> <span class='ocrx_word' id='word_1_375' title='bbox 733 3413 800 3500; x_wconf 88' lang='grc'><em>4.)</em></span> <span class='ocrx_word' id='word_1_376' title='bbox 832 3413 881 3483; x_wconf 78' lang='lat' dir='ltr'><em>Ue</em></span> <span class='ocrx_word' id='word_1_377' title='bbox 894 3412 940 3508; x_wconf 73' lang='lat' dir='ltr'><em>fit</em></span> <span class='ocrx_word' id='word_1_378' title='bbox 962 3434 1042 3501; x_wconf 87' lang='lat' dir='ltr'><em>opus</em></span> <span class='ocrx_word' id='word_1_379' title='bbox 1069 3412 1209 3478; x_wconf 81' lang='lat' dir='ltr'><em>biberem.</em></span> <span class='ocrx_word' id='word_1_380' title='bbox 1256 3432 1409 3504; x_wconf 85' lang='lat' dir='ltr'><em>opernm,</em></span> <span class='ocrx_word' id='word_1_381' title='bbox 1426 3406 1505 3502; x_wconf 81' lang='lat' dir='ltr'><em>solis</em></span> <span class='ocrx_word' id='word_1_382' title='bbox 1533 3412 1620 3480; x_wconf 83' lang='lat' dir='ltr'><em>liberi</em></span> <span class='ocrx_word' id='word_1_383' title='bbox 1645 3414 1916 3495; x_wconf 83' lang='lat' dir='ltr'><em>arbitriiuiribrts</em></span> <span class='ocrx_word' id='word_1_384' title='bbox 1938 3409 2139 3507; x_wconf 55' lang='lat' dir='ltr'><em>effcffornm:</em></span> 
     </span>
     <span class='ocr_line' id='line_1_32' title="bbox 334 3500 2136 3610; baseline -0.003 -29"><span class='ocrx_word' id='word_1_385' title='bbox 334 3512 387 3602; x_wconf 79' lang='grc' dir='ltr'><em>ς.)</em></span> <span class='ocrx_word' id='word_1_386' title='bbox 419 3513 726 3605; x_wconf 78' lang='lat' dir='ltr'><em>Ut,qecimcreteer,</em></span> <span class='ocrx_word' id='word_1_387' title='bbox 741 3508 976 3610; x_wconf 68' lang='lat' dir='ltr'><em>straminis&amp;</em></span> <span class='ocrx_word' id='word_1_388' title='bbox 991 3508 1210 3605; x_wconf 86' lang='lat' dir='ltr'><em>graturDeo.</em></span> <span class='ocrx_word' id='word_1_389' title='bbox 1260 3516 1328 3604; x_wconf 80' lang='lat' dir='ltr'><em>(At</em></span> <span class='ocrx_word' id='word_1_390' title='bbox 1343 3508 1477 3604; x_wconf 82' lang='lat' dir='ltr'><em>quidam</em></span> <span class='ocrx_word' id='word_1_391' title='bbox 1494 3500 1668 3579; x_wconf 81' lang='lat' dir='ltr'><em>scholastici</em></span> <span class='ocrx_word' id='word_1_392' title='bbox 1687 3514 1839 3584; x_wconf 69' lang='lat' dir='ltr'><em>irretitum</em></span> <span class='ocrx_word' id='word_1_393' title='bbox 1852 3506 1892 3578; x_wconf 89' lang='lat' dir='ltr'><em>de</em></span> <span class='ocrx_word' id='word_1_394' title='bbox 1906 3534 2051 3605; x_wconf 78' lang='lat' dir='ltr'><em>congruo</em></span> <span class='ocrx_word' id='word_1_395' title='bbox 2070 3511 2136 3579; x_wconf 82' lang='lat' dir='ltr'><em>tuli-</em></span> 
     </span>
    </p>

    <p class='ocr_par' dir='ltr' id='par_1_11' title="bbox 321 3602 2137 4104">
     <span class='ocr_line' id='line_1_33' title="bbox 321 3602 2137 3714; baseline -0.003 -31"><span class='ocrx_word' id='word_1_396' title='bbox 321 3614 396 3700; x_wconf 86' lang='lat'>·6.)</span> <span class='ocrx_word' id='word_1_397' title='bbox 429 3613 475 3683; x_wconf 85' lang='lat' dir='ltr'><em>Ut</em></span> <span class='ocrx_word' id='word_1_398' title='bbox 497 3612 672 3679; x_wconf 77' lang='lat' dir='ltr'><em>intercedat</em></span> <span class='ocrx_word' id='word_1_399' title='bbox 690 3611 859 3704; x_wconf 83' lang='lat' dir='ltr'><em>promifflo.</em></span> <span class='ocrx_word' id='word_1_400' title='bbox 918 3610 978 3714; x_wconf 77' lang='lat'><em>7.)</em></span> <span class='ocrx_word' id='word_1_401' title='bbox 1008 3608 1054 3677; x_wconf 85' lang='lat' dir='ltr'><em>Ut</em></span> <span class='ocrx_word' id='word_1_402' title='bbox 1075 3632 1212 3702; x_wconf 82' lang='lat' dir='ltr'><em>opacex</em></span> <span class='ocrx_word' id='word_1_403' title='bbox 1255 3606 1483 3699; x_wconf 83' lang='lat' dir='ltr'><em>busoperibus</em></span> <span class='ocrx_word' id='word_1_404' title='bbox 1511 3602 1629 3678; x_wconf 84' lang='lat' dir='ltr'><em>diserte</em></span> <span class='ocrx_word' id='word_1_405' title='bbox 1651 3609 1815 3685; x_wconf 86' lang='lat' dir='ltr'><em>tribuunt,</em></span> <span class='ocrx_word' id='word_1_406' title='bbox 1849 3632 1931 3702; x_wconf 87' lang='lat' dir='ltr'><em>quos</em></span> <span class='ocrx_word' id='word_1_407' title='bbox 1953 3606 2078 3680; x_wconf 85' lang='lat' dir='ltr'><em>secutus</em></span> <span class='ocrx_word' id='word_1_408' title='bbox 2096 3608 2137 3677; x_wconf 79' lang='lat' dir='ltr'><em>est</em></span> 
     </span>
     <span class='ocr_line' id='line_1_34' title="bbox 332 3701 2136 3803; baseline -0.002 -23"><span class='ocrx_word' id='word_1_409' title='bbox 332 3715 456 3780; x_wconf 87' lang='lat' dir='ltr'><em>uirtntt</em></span> <span class='ocrx_word' id='word_1_410' title='bbox 472 3711 620 3780; x_wconf 86' lang='lat' dir='ltr'><em>caritatis</em></span> <span class='ocrx_word' id='word_1_411' title='bbox 630 3714 793 3802; x_wconf 85' lang='lat' dir='ltr'><em>procedat.</em></span> <span class='ocrx_word' id='word_1_412' title='bbox 842 3710 969 3779; x_wconf 83' lang='lat' dir='ltr'><em>Fatetur</em></span> <span class='ocrx_word' id='word_1_413' title='bbox 987 3708 1105 3790; x_wconf 83' lang='lat' dir='ltr'><em>autern,</em></span> <span class='ocrx_word' id='word_1_414' title='bbox 1120 3701 1212 3777; x_wconf 85' lang='lat' dir='ltr'><em>hasce</em></span> <span class='ocrx_word' id='word_1_415' title='bbox 1256 3706 1376 3777; x_wconf 83' lang='lat' dir='ltr'><em>Ruord.</em></span> <span class='ocrx_word' id='word_1_416' title='bbox 1392 3705 1574 3801; x_wconf 81' lang='lat' dir='ltr'><em>Tapperns,</em></span> <span class='ocrx_word' id='word_1_417' title='bbox 1585 3711 1691 3803; x_wconf 81' lang='lat' dir='ltr'><em>rnagni</em></span> <span class='ocrx_word' id='word_1_418' title='bbox 1707 3712 1847 3776; x_wconf 73' lang='lat' dir='ltr'><em>cruminis</em></span> <span class='ocrx_word' id='word_1_419' title='bbox 1862 3706 2136 3799; x_wconf 77' lang='lat' dir='ltr'><em>pontificius,L0·</em></span> 
     </span>
     <span class='ocr_line' id='line_1_35' title="bbox 336 3801 2133 3904; baseline -0.003 -23"><span class='ocrx_word' id='word_1_420' title='bbox 336 3808 558 3887; x_wconf 83' lang='lat' dir='ltr'><em>conditiones,</em></span> <span class='ocrx_word' id='word_1_421' title='bbox 583 3807 751 3902; x_wconf 70' lang='lat' dir='ltr'><em>pracsertim</em></span> <span class='ocrx_word' id='word_1_422' title='bbox 774 3832 912 3904; x_wconf 87' lang='lat' dir='ltr'><em>quatuor</em></span> <span class='ocrx_word' id='word_1_423' title='bbox 933 3805 1151 3903; x_wconf 81' lang='lat' dir='ltr'><em>posteriores,</em></span> <span class='ocrx_word' id='word_1_424' title='bbox 1178 3808 1212 3874; x_wconf 93' lang='lat' dir='ltr'><em>in</em></span> <span class='ocrx_word' id='word_1_425' title='bbox 1256 3802 1413 3873; x_wconf 82' lang='lat' dir='ltr'><em>veniensis</em></span> <span class='ocrx_word' id='word_1_426' title='bbox 1449 3803 1678 3882; x_wconf 80' lang='lat' dir='ltr'><em>cancellarius,</em></span> <span class='ocrx_word' id='word_1_427' title='bbox 1702 3831 1797 3903; x_wconf 86' lang='lat' dir='ltr'><em>quern</em></span> <span class='ocrx_word' id='word_1_428' title='bbox 1827 3801 1951 3902; x_wconf 76' lang='lat' dir='ltr'><em>Caspnr</em></span> <span class='ocrx_word' id='word_1_429' title='bbox 1975 3801 2133 3889; x_wconf 82' lang='lat' dir='ltr'><em>Casaiius,</em></span> 
     </span>
     <span class='ocr_line' id='line_1_36' title="bbox 333 3898 2137 4003; baseline -0.003 -24"><span class='ocrx_word' id='word_1_430' title='bbox 333 3904 548 3979; x_wconf 78' lang='lat' dir='ltr'><em>controversia</em></span> <span class='ocrx_word' id='word_1_431' title='bbox 564 3906 650 3999; x_wconf 80' lang='lat' dir='ltr'><em>apud</em></span> <span class='ocrx_word' id='word_1_432' title='bbox 670 3905 747 3975; x_wconf 81' lang='lat' dir='ltr'><em>bidei</em></span> <span class='ocrx_word' id='word_1_433' title='bbox 762 3901 821 3975; x_wconf 83' lang='lat' dir='ltr'><em>suae</em></span> <span class='ocrx_word' id='word_1_434' title='bbox 836 3907 986 3975; x_wconf 84' lang='lat' dir='ltr'><em>homines</em></span> <span class='ocrx_word' id='word_1_435' title='bbox 999 3904 1103 3974; x_wconf 81' lang='lat' dir='ltr'><em>adhue</em></span> <span class='ocrx_word' id='word_1_436' title='bbox 1128 3902 1213 3999; x_wconf 85' lang='lat' dir='ltr'><em>post·</em></span> <span class='ocrx_word' id='word_1_437' title='bbox 1258 3899 1425 4000; x_wconf 87' lang='lat' dir='ltr'><em>episeopus</em></span> <span class='ocrx_word' id='word_1_438' title='bbox 1443 3901 1645 3988; x_wconf 77' lang='lat' dir='ltr'><em>Leirinenfis,</em></span> <span class='ocrx_word' id='word_1_439' title='bbox 1659 3899 1879 4000; x_wconf 81' lang='lat' dir='ltr'><em>pesagianisrni</em></span> <span class='ocrx_word' id='word_1_440' title='bbox 1895 3898 2066 4003; x_wconf 79' lang='lat' dir='ltr'><em>propterea</em></span> <span class='ocrx_word' id='word_1_441' title='bbox 2084 3903 2137 3973; x_wconf 73' lang='lat' dir='ltr'><em>ad·</em></span> 
     </span>
     <span class='ocr_line' id='line_1_37' title="bbox 335 3996 2137 4104; baseline -0.002 -27"><span class='ocrx_word' id='word_1_442' title='bbox 335 4025 381 4077; x_wconf 78' lang='lat' dir='ltr'><em>tas</em></span> <span class='ocrx_word' id='word_1_443' title='bbox 400 4003 481 4084; x_wconf 80' lang='lat' dir='ltr'><em>essa,</em></span> <span class='ocrx_word' id='word_1_444' title='bbox 507 4007 597 4104; x_wconf 84' lang='lat' dir='ltr'><em>quod</em></span> <span class='ocrx_word' id='word_1_445' title='bbox 612 4006 656 4073; x_wconf 87' lang='lat' dir='ltr'><em>est</em></span> <span class='ocrx_word' id='word_1_446' title='bbox 673 4022 899 4100; x_wconf 83' lang='lat' dir='ltr'><em>argumentum</em></span> <span class='ocrx_word' id='word_1_447' title='bbox 920 3999 1087 4072; x_wconf 78' lang='lat' dir='ltr'><em>consensus</em></span> <span class='ocrx_word' id='word_1_448' title='bbox 1106 4022 1212 4071; x_wconf 80' lang='lat' dir='ltr'><em>tanco·</em></span> <span class='ocrx_word' id='word_1_449' title='bbox 1259 3996 1363 4088; x_wconf 82' lang='lat' dir='ltr'><em>cusat)</em></span> <span class='ocrx_word' id='word_1_450' title='bbox 1390 4006 1519 4071; x_wconf 76' lang='lat' dir='ltr'><em>ectndtm</em></span> <span class='ocrx_word' id='word_1_451' title='bbox 1533 4006 1678 4097; x_wconf 62' lang='lat' dir='ltr'><em>praeirem</em></span> <span class='ocrx_word' id='word_1_452' title='bbox 1700 4030 1762 4073; x_wconf 81' lang='lat' dir='ltr'><em>reon</em></span> <span class='ocrx_word' id='word_1_453' title='bbox 1779 4006 1911 4072; x_wconf 79' lang='lat' dir='ltr'><em>obtineri</em></span> <span class='ocrx_word' id='word_1_454' title='bbox 1928 4007 2052 4075; x_wconf 86' lang='lat' dir='ltr'><em>meritis</em></span> <span class='ocrx_word' id='word_1_455' title='bbox 2072 4027 2137 4073; x_wconf 87' lang='lat' dir='ltr'><em>cort·</em></span> 
     </span>
    </p>
   </div>
   <div class='ocr_carea' id='block_1_5' title="bbox 188 4093 2168 4302">
    <p class='ocr_par' dir='ltr' id='par_1_12' title="bbox 188 4080 2168 4302">
     <span class='ocr_line' id='line_1_38' title="bbox 188 4093 2137 4202; baseline -0.001 -31"><span class='ocrx_word' id='word_1_456' title='bbox 188 4133 218 4182; x_wconf 50' lang='grc' dir='ltr'>ς</span> <span class='ocrx_word' id='word_1_457' title='bbox 334 4126 409 4202; x_wconf 84' lang='lat' dir='ltr'><em>pere</em></span> <span class='ocrx_word' id='word_1_458' title='bbox 443 4102 657 4200; x_wconf 77' lang='lat' dir='ltr'><em>depraedicrri.</em></span> <span class='ocrx_word' id='word_1_459' title='bbox 721 4103 808 4202; x_wconf 78' lang='lat' dir='ltr'><em>Qid</em></span> <span class='ocrx_word' id='word_1_460' title='bbox 833 4103 874 4172; x_wconf 87' lang='lat' dir='ltr'><em>de</em></span> <span class='ocrx_word' id='word_1_461' title='bbox 902 4103 950 4172; x_wconf 85' lang='lat' dir='ltr'><em>his</em></span> <span class='ocrx_word' id='word_1_462' title='bbox 972 4102 1211 4171; x_wconf 87' lang='lat' dir='ltr'><em>conditionibus</em></span> <span class='ocrx_word' id='word_1_463' title='bbox 1250 4080 2137 4199; x_wconf 62' lang='lat' dir='ltr'><em>fitquentibus,stissersurtcextortgrecomeritisopcrtcm,</em></span> 
     </span>
     <span class='ocr_line' id='line_1_39' title="bbox 215 4198 2168 4302; baseline -0.004 -24"><span class='ocrx_word' id='word_1_464' title='bbox 215 4217 217 4222; x_wconf 85' lang='lat'>&#39;</span> <span class='ocrx_word' id='word_1_465' title='bbox 336 4200 537 4277; x_wconf 81' lang='lat' dir='ltr'><em>statuendum</em></span> <span class='ocrx_word' id='word_1_466' title='bbox 565 4198 623 4285; x_wconf 85' lang='lat' dir='ltr'><em>sn,</em></span> <span class='ocrx_word' id='word_1_467' title='bbox 648 4218 756 4299; x_wconf 82' lang='lat' dir='ltr'><em>patere</em></span> <span class='ocrx_word' id='word_1_468' title='bbox 778 4199 881 4297; x_wconf 89' lang='lat' dir='ltr'><em>potesI</em></span> <span class='ocrx_word' id='word_1_469' title='bbox 903 4229 939 4274; x_wconf 83' lang='lat' dir='ltr'><em>ex</em></span> <span class='ocrx_word' id='word_1_470' title='bbox 968 4198 1184 4297; x_wconf 87' lang='lat' dir='ltr'><em>superioribus</em></span> <span class='ocrx_word' id='word_1_471' title='bbox 1202 4227 1213 4287; x_wconf 90' lang='lat'>;</span> <span class='ocrx_word' id='word_1_472' title='bbox 1259 4198 1430 4295; x_wconf 74' lang='lat' dir='ltr'><em>enfide&amp;</em></span> <span class='ocrx_word' id='word_1_473' title='bbox 1443 4202 1564 4269; x_wconf 81' lang='lat' dir='ltr'><em>auxilio</em></span> <span class='ocrx_word' id='word_1_474' title='bbox 1577 4201 1639 4275; x_wconf 87' lang='lat' dir='ltr'><em>Dei</em></span> <span class='ocrx_word' id='word_1_475' title='bbox 1638 4203 1773 4296; x_wconf 83' lang='lat' dir='ltr'><em>speciali</em></span> <span class='ocrx_word' id='word_1_476' title='bbox 1784 4206 2031 4295; x_wconf 76' lang='lat' dir='ltr'><em>procedentium.</em></span> <span class='ocrx_word' id='word_1_477' title='bbox 2047 4204 2139 4302; x_wconf 67' lang='lat' dir='ltr'><em>(Q</em></span> <span class='ocrx_word' id='word_1_478' title='bbox 2165 4233 2168 4238; x_wconf 58' lang='grc'><strong>’</strong></span> 
     </span>
    </p>
   </div>
   <div class='ocr_carea' id='block_1_6' title="bbox 276 4296 2148 5180">
    <p class='ocr_par' dir='ltr' id='par_1_13' title="bbox 276 4296 2145 5116">
     <span class='ocr_line' id='line_1_40' title="bbox 336 4296 2139 4403; baseline -0.002 -30"><span class='ocrx_word' id='word_1_479' title='bbox 336 4303 429 4403; x_wconf 89' lang='lat' dir='ltr'><em>plura</em></span> <span class='ocrx_word' id='word_1_480' title='bbox 446 4305 581 4372; x_wconf 88' lang='lat' dir='ltr'><em>omnino</em></span> <span class='ocrx_word' id='word_1_481' title='bbox 606 4304 811 4398; x_wconf 87' lang='lat' dir='ltr'><em>requiruntur</em></span> <span class='ocrx_word' id='word_1_482' title='bbox 840 4299 881 4370; x_wconf 82' lang='lat' dir='ltr'><em>nd</em></span> <span class='ocrx_word' id='word_1_483' title='bbox 911 4305 1061 4371; x_wconf 86' lang='lat' dir='ltr'><em>meritum</em></span> <span class='ocrx_word' id='word_1_484' title='bbox 1081 4304 1214 4396; x_wconf 88' lang='lat' dir='ltr'><em>proprie</em></span> <span class='ocrx_word' id='word_1_485' title='bbox 1259 4299 1300 4371; x_wconf 86' lang='lat' dir='ltr'><em>de</em></span> <span class='ocrx_word' id='word_1_486' title='bbox 1315 4324 1350 4371; x_wconf 85' lang='lat' dir='ltr'><em>re</em></span> <span class='ocrx_word' id='word_1_487' title='bbox 1371 4296 1451 4395; x_wconf 89' lang='lat' dir='ltr'><em>quid</em></span> <span class='ocrx_word' id='word_1_488' title='bbox 1471 4301 1676 4371; x_wconf 82' lang='lat' dir='ltr'><em>siaruendom</em></span> <span class='ocrx_word' id='word_1_489' title='bbox 1700 4299 1760 4378; x_wconf 87' lang='lat' dir='ltr'><em>sit,</em></span> <span class='ocrx_word' id='word_1_490' title='bbox 1788 4296 2075 4396; x_wconf 80' lang='lat' dir='ltr'><em>exposuimussuo</em></span> <span class='ocrx_word' id='word_1_491' title='bbox 2095 4300 2139 4370; x_wconf 84' lang='lat' dir='ltr'><em>io·</em></span> 
     </span>
     <span class='ocr_line' id='line_1_41' title="bbox 337 4397 2138 4499; baseline -0.003 -25"><span class='ocrx_word' id='word_1_492' title='bbox 337 4401 381 4476; x_wconf 81' lang='lat' dir='ltr'><em>fic</em></span> <span class='ocrx_word' id='word_1_493' title='bbox 399 4404 541 4482; x_wconf 72' lang='lat' dir='ltr'><em>dissum,</em></span> <span class='ocrx_word' id='word_1_494' title='bbox 566 4425 601 4468; x_wconf 93' lang='lat' dir='ltr'><em>ur</em></span> <span class='ocrx_word' id='word_1_495' title='bbox 624 4400 817 4470; x_wconf 75' lang='lat' dir='ltr'><em>attendimus</em></span> <span class='ocrx_word' id='word_1_496' title='bbox 835 4404 863 4487; x_wconf 68' lang='lat' dir='ltr'><em>s.</em></span> <span class='ocrx_word' id='word_1_497' title='bbox 896 4425 971 4470; x_wconf 78' lang='lat' dir='ltr'><em>roe.</em></span> <span class='ocrx_word' id='word_1_498' title='bbox 996 4424 1065 4493; x_wconf 76' lang='lat' dir='ltr'><em>qna</em></span> <span class='ocrx_word' id='word_1_499' title='bbox 1082 4424 1155 4467; x_wconf 84' lang='lat' dir='ltr'><em>cum</em></span> <span class='ocrx_word' id='word_1_500' title='bbox 1181 4402 1216 4468; x_wconf 88' lang='lat' dir='ltr'><em>in</em></span> <span class='ocrx_word' id='word_1_501' title='bbox 1261 4403 1335 4489; x_wconf 90' lang='lat' dir='ltr'><em>eo.)</em></span> <span class='ocrx_word' id='word_1_502' title='bbox 1387 4402 1441 4485; x_wconf 87' lang='lat'><em>3.)</em></span> <span class='ocrx_word' id='word_1_503' title='bbox 1471 4399 1549 4468; x_wconf 88' lang='lat' dir='ltr'><em>Non</em></span> <span class='ocrx_word' id='word_1_504' title='bbox 1568 4397 1654 4496; x_wconf 82' lang='lat' dir='ltr'><em>poffe</em></span> <span class='ocrx_word' id='word_1_505' title='bbox 1680 4424 1782 4470; x_wconf 80' lang='lat' dir='ltr'><em>unaco</em></span> <span class='ocrx_word' id='word_1_506' title='bbox 1807 4401 1902 4470; x_wconf 87' lang='lat' dir='ltr'><em>alteri</em></span> <span class='ocrx_word' id='word_1_507' title='bbox 1924 4404 2138 4499; x_wconf 81' lang='lat' dir='ltr'><em>exeondigau</em></span> 
     </span>
     <span class='ocr_line' id='line_1_42' title="bbox 338 4496 2139 4599; baseline -0.001 -30"><span class='ocrx_word' id='word_1_508' title='bbox 338 4499 430 4572; x_wconf 82' lang='lat' dir='ltr'><em>bonis</em></span> <span class='ocrx_word' id='word_1_509' title='bbox 464 4499 613 4597; x_wconf 83' lang='lat' dir='ltr'><em>operibus</em></span> <span class='ocrx_word' id='word_1_510' title='bbox 654 4522 840 4568; x_wconf 80' lang='lat' dir='ltr'><em>tenerorum</em></span> <span class='ocrx_word' id='word_1_511' title='bbox 879 4524 945 4568; x_wconf 91' lang='lat' dir='ltr'><em>non</em></span> <span class='ocrx_word' id='word_1_512' title='bbox 975 4496 1216 4592; x_wconf 75' lang='lat' dir='ltr'><em>depreltendnn-</em></span> <span class='ocrx_word' id='word_1_513' title='bbox 1257 4501 1407 4596; x_wconf 84' lang='lat' dir='ltr'><em>gratiam</em></span> <span class='ocrx_word' id='word_1_514' title='bbox 1444 4507 1649 4588; x_wconf 84' lang='lat' dir='ltr'><em>promereri,</em></span> <span class='ocrx_word' id='word_1_515' title='bbox 1677 4500 1738 4594; x_wconf 79' lang='lat' dir='ltr'><em>sid</em></span> <span class='ocrx_word' id='word_1_516' title='bbox 1769 4511 1873 4582; x_wconf 84' lang='lat' dir='ltr'><em>tamen</em></span> <span class='ocrx_word' id='word_1_517' title='bbox 1913 4526 1953 4570; x_wconf 85' lang='lat' dir='ltr'><em>ex</em></span> <span class='ocrx_word' id='word_1_518' title='bbox 1988 4522 2139 4599; x_wconf 82' lang='lat' dir='ltr'><em>congreto.</em></span> 
     </span>
     <span class='ocr_line' id='line_1_43' title="bbox 276 4588 2141 4699; baseline -0.002 -28"><span class='ocrx_word' id='word_1_519' title='bbox 276 4671 281 4682; x_wconf 87' lang='grc'><em>,</em></span> <span class='ocrx_word' id='word_1_520' title='bbox 336 4621 414 4678; x_wconf 87' lang='lat' dir='ltr'><em>rur,</em></span> <span class='ocrx_word' id='word_1_521' title='bbox 439 4608 504 4671; x_wconf 88' lang='lat' dir='ltr'><em>&amp;c.</em></span> <span class='ocrx_word' id='word_1_522' title='bbox 543 4594 659 4665; x_wconf 80' lang='lat' dir='ltr'><em>srustro</em></span> <span class='ocrx_word' id='word_1_523' title='bbox 700 4594 739 4666; x_wconf 89' lang='lat' dir='ltr'><em>de</em></span> <span class='ocrx_word' id='word_1_524' title='bbox 773 4592 915 4695; x_wconf 86' lang='lat' dir='ltr'><em>giorioso</em></span> <span class='ocrx_word' id='word_1_525' title='bbox 948 4598 1053 4665; x_wconf 84' lang='lat' dir='ltr'><em>meriti</em></span> <span class='ocrx_word' id='word_1_526' title='bbox 1085 4588 1217 4691; x_wconf 77' lang='lat' dir='ltr'><em>preiprie</em></span> <span class='ocrx_word' id='word_1_527' title='bbox 1263 4597 1326 4685; x_wconf 87' lang='lat'><em>4.)</em></span> <span class='ocrx_word' id='word_1_528' title='bbox 1353 4597 1526 4664; x_wconf 82' lang='lat' dir='ltr'><em>Hominem</em></span> <span class='ocrx_word' id='word_1_529' title='bbox 1540 4600 1799 4698; x_wconf 81' lang='lat' dir='ltr'><em>jrcstnntmereri</em></span> <span class='ocrx_word' id='word_1_530' title='bbox 1824 4602 2038 4699; x_wconf 78' lang='lat' dir='ltr'><em>exconaigao</em></span> <span class='ocrx_word' id='word_1_531' title='bbox 2061 4619 2141 4696; x_wconf 83' lang='lat' dir='ltr'><em>ang·</em></span> 
     </span>
     <span class='ocr_line' id='line_1_44' title="bbox 345 4689 2141 4793; baseline 0.003 -33"><span class='ocrx_word' id='word_1_532' title='bbox 345 4689 348 4698; x_wconf 79' lang='lat'>&#39;</span> <span class='ocrx_word' id='word_1_533' title='bbox 614 4689 898 4765; x_wconf 67' lang='lat' dir='ltr'><em>scedibtinornine</em></span> <span class='ocrx_word' id='word_1_534' title='bbox 920 4694 992 4793; x_wconf 77' lang='lat' dir='ltr'><em>ipsis</em></span> <span class='ocrx_word' id='word_1_535' title='bbox 1014 4691 1216 4768; x_wconf 71' lang='lat' dir='ltr'><em>ventitando</em></span> <span class='ocrx_word' id='word_1_536' title='bbox 1262 4697 1455 4789; x_wconf 77' lang='lat' dir='ltr'><em>mentumjrc</em></span> <span class='ocrx_word' id='word_1_537' title='bbox 1484 4698 1566 4765; x_wconf 88' lang='lat' dir='ltr'><em>itiae.</em></span> <span class='ocrx_word' id='word_1_538' title='bbox 1622 4699 1682 4787; x_wconf 84' lang='grc' dir='ltr'><em>ς.)</em></span> <span class='ocrx_word' id='word_1_539' title='bbox 1713 4702 1974 4792; x_wconf 84' lang='lat' dir='ltr'><em>Reparationem</em></span> <span class='ocrx_word' id='word_1_540' title='bbox 2002 4698 2075 4793; x_wconf 82' lang='lat' dir='ltr'><em>post</em></span> <span class='ocrx_word' id='word_1_541' title='bbox 2095 4701 2141 4767; x_wconf 84' lang='lat' dir='ltr'><em>bn-</em></span> 
     </span>
     <span class='ocr_line' id='line_1_45' title="bbox 341 4789 2143 4894; baseline -0.002 -25"><span class='ocrx_word' id='word_1_542' title='bbox 341 4805 395 4888; x_wconf 72' lang='lat' dir='ltr'><em>De}</em></span> <span class='ocrx_word' id='word_1_543' title='bbox 412 4808 543 4889; x_wconf 79' lang='lat' dir='ltr'><em>qualitate</em></span> <span class='ocrx_word' id='word_1_544' title='bbox 614 4789 788 4868; x_wconf 75' lang='lat' dir='ltr'><em>laboretur.</em></span> <span class='ocrx_word' id='word_1_545' title='bbox 839 4798 919 4889; x_wconf 83' lang='lat' dir='ltr'><em>Cap.</em></span> <span class='ocrx_word' id='word_1_546' title='bbox 942 4797 1026 4865; x_wconf 81' lang='lat' dir='ltr'><strong>XVI.</strong></span> <span class='ocrx_word' id='word_1_547' title='bbox 1052 4792 1219 4888; x_wconf 76' lang='lat' dir='ltr'><em>deqctnli-</em></span> <span class='ocrx_word' id='word_1_548' title='bbox 1257 4795 1356 4890; x_wconf 84' lang='lat' dir='ltr'><em>psam</em></span> <span class='ocrx_word' id='word_1_549' title='bbox 1370 4793 1417 4867; x_wconf 62' lang='lat'><em>&amp;³³</em></span> <span class='ocrx_word' id='word_1_550' title='bbox 1430 4795 1704 4888; x_wconf 73' lang='lat' dir='ltr'><em>perseuerantiam</em></span> <span class='ocrx_word' id='word_1_551' title='bbox 1720 4822 1821 4894; x_wconf 82' lang='lat' dir='ltr'><em>usqae</em></span> <span class='ocrx_word' id='word_1_552' title='bbox 1842 4801 1876 4867; x_wconf 91' lang='lat' dir='ltr'><em>in</em></span> <span class='ocrx_word' id='word_1_553' title='bbox 1886 4798 1992 4891; x_wconf 88' lang='lat' dir='ltr'><em>finem</em></span> <span class='ocrx_word' id='word_1_554' title='bbox 2011 4823 2077 4868; x_wconf 87' lang='lat' dir='ltr'><em>noa</em></span> <span class='ocrx_word' id='word_1_555' title='bbox 2097 4819 2143 4868; x_wconf 78' lang='lat' dir='ltr'><em>ta·</em></span> 
     </span>
     <span class='ocr_line' id='line_1_46' title="bbox 396 4886 2144 4996; baseline 0.001 -34"><span class='ocrx_word' id='word_1_556' title='bbox 396 4892 501 4953; x_wconf 61' lang='lat' dir='ltr'><em>weriti-</em></span> <span class='ocrx_word' id='word_1_557' title='bbox 611 4903 677 4962; x_wconf 88' lang='lat' dir='ltr'><em>tate</em></span> <span class='ocrx_word' id='word_1_558' title='bbox 694 4897 799 4964; x_wconf 82' lang='lat' dir='ltr'><em>meriti</em></span> <span class='ocrx_word' id='word_1_559' title='bbox 819 4918 913 4990; x_wconf 85' lang='lat' dir='ltr'><em>agere</em></span> <span class='ocrx_word' id='word_1_560' title='bbox 934 4898 1042 4990; x_wconf 89' lang='lat' dir='ltr'><em>incipit</em></span> <span class='ocrx_word' id='word_1_561' title='bbox 1055 4917 1091 4962; x_wconf 88' lang='lat' dir='ltr'><em>ac</em></span> <span class='ocrx_word' id='word_1_562' title='bbox 1111 4886 1219 4990; x_wconf 89' lang='lat' dir='ltr'><em>dispu-</em></span> <span class='ocrx_word' id='word_1_563' title='bbox 1266 4899 1338 4964; x_wconf 82' lang='lat' dir='ltr'><em>dere</em></span> <span class='ocrx_word' id='word_1_564' title='bbox 1348 4893 1413 4989; x_wconf 89' lang='lat' dir='ltr'><em>sab</em></span> <span class='ocrx_word' id='word_1_565' title='bbox 1438 4900 1589 4966; x_wconf 71' lang='lat' dir='ltr'><em>exeritum</em></span> <span class='ocrx_word' id='word_1_566' title='bbox 1615 4903 1653 4969; x_wconf 82' lang='lat' dir='ltr'><em>de</em></span> <span class='ocrx_word' id='word_1_567' title='bbox 1671 4902 1845 4996; x_wconf 78' lang='lat' dir='ltr'><em>condigno,</em></span> <span class='ocrx_word' id='word_1_568' title='bbox 1870 4900 1946 4967; x_wconf 82' lang='lat' dir='ltr'><em>bene</em></span> <span class='ocrx_word' id='word_1_569' title='bbox 1974 4908 2087 4968; x_wconf 78' lang='lat' dir='ltr'><em>taenea</em></span> <span class='ocrx_word' id='word_1_570' title='bbox 2109 4918 2144 4966; x_wconf 83' lang='lat' dir='ltr'><em>nt</em></span> 
     </span>
     <span class='ocr_line' id='line_1_47' title="bbox 614 4988 2145 5116; baseline 0.004 -52"><span class='ocrx_word' id='word_1_571' title='bbox 614 5008 687 5073; x_wconf 42' lang='lat' dir='ltr'><em>teti</em></span> <span class='ocrx_word' id='word_1_572' title='bbox 711 4994 1075 5116; x_wconf 33' lang='lat' dir='ltr'><em>opernqbonajastortan</em></span> <span class='ocrx_word' id='word_1_573' title='bbox 1083 4988 1140 5088; x_wconf 72' lang='lat' dir='ltr'><em>effe</em></span> <span class='ocrx_word' id='word_1_574' title='bbox 1156 5015 1220 5063; x_wconf 89' lang='lat' dir='ltr'><em>me·</em></span> <span class='ocrx_word' id='word_1_575' title='bbox 1245 5017 1408 5106; x_wconf 38' lang='lat' dir='ltr'><em>‘congruo</em></span> <span class='ocrx_word' id='word_1_576' title='bbox 1434 5000 1673 5089; x_wconf 70' lang='lat' dir='ltr'><em>rmarotioncm</em></span> <span class='ocrx_word' id='word_1_577' title='bbox 1693 4997 1765 5092; x_wconf 74' lang='lat' dir='ltr'><em>post</em></span> <span class='ocrx_word' id='word_1_578' title='bbox 1785 4997 1912 5094; x_wconf 79' lang='lat' dir='ltr'><em>lapsam</em></span> <span class='ocrx_word' id='word_1_579' title='bbox 1933 5001 2081 5076; x_wconf 83' lang='lat' dir='ltr'><em>mereri,</em></span> <span class='ocrx_word' id='word_1_580' title='bbox 2103 4992 2145 5070; x_wconf 73' lang='lat' dir='ltr'><em>ss</em></span> 
     </span>
    </p>

    <p class='ocr_par' dir='ltr' id='par_1_14' title="bbox 2033 5101 2148 5180">
     <span class='ocr_line' id='line_1_48' title="bbox 2033 5101 2148 5180; baseline -0.035 -12"><span class='ocrx_word' id='word_1_581' title='bbox 2033 5101 2148 5180; x_wconf 78' lang='lat' dir='ltr'><em>donam</em></span> 
     </span>
    </p>
   </div>
   <div class='ocr_carea' id='block_1_7' title="bbox 0 0 2474 5809">
    <p class='ocr_par' dir='ltr' id='par_1_15' title="bbox 0 0 2474 5809">
     <span class='ocr_line' id='line_1_49' title="bbox 0 0 2474 5809; baseline 0 0"><span class='ocrx_word' id='word_1_582' title='bbox 0 0 2474 5809; x_wconf 95' lang='lat' dir='ltr'><em> </em></span> 
     </span>
    </p>
   </div>
  </div>
 </body>
</html>
