4900 5809
623 359 693 437 uc
724 360 899 442 causa
932 347 1264 452 enutritura
1292 337 1808 439 sacramentonum
1997 363 2019 402 κ
2057 376 2129 450 225

328 540 650 638 a.)'bifiecrontento
660 544 838 636 penderent
850 563 872 609 e
885 537 1068 634 probitate,
1085 527 1209 628 strepis·
1257 542 1435 611 tentionem
1451 536 1624 614 subtrahat:
1642 547 1684 615 ita
1698 567 1765 640 quo
1791 564 1832 611 ue
1846 536 2009 637 baptizant
2022 551 2134 612 manet

317 645 401 743 fitne
423 653 547 710 noceret
565 643 663 711 enies
685 640 810 710 molitio
841 639 953 717 alteri,
966 638 1054 730 ¹quio
1071 628 1207 725 plurimi
1258 638 1523 714 ministeriorum
1537 646 1572 713 ἀ
1595 646 1753 740 integrum
1766 567 2007 711 tsacramentum
2027 636 2140 708 admi·

319 741 406 838 sent
416 740 511 817 moli,
537 738 585 811 89
600 763 664 808 non
678 733 805 833 paffent
813 735 1024 829 fiecremento
1038 727 1205 826 fficio.
1257 732 1412 815 nillranc,
1437 733 1940 811 licetintentionentnonhabeat
1954 735 2003 805 vel
2019 737 2135 806 subtra-

329 863 411 935 qnoe
425 840 464 906 ni
478 836 650 930 infidelibus
664 835 714 905 uel
728 835 910 909 haereticis,
936 830 1208 923 ueipuiiicitper·
1258 830 1323 905 hat.
1373 837 1424 924 c.)
1450 840 1538 908 Fieri
1556 837 1658 933 potest
1682 842 1777 910 etiem
1804 858 1845 905 ex
1875 832 2135 927 muerfieeiorum
2200 874 2212 890 ,

327 937 490 1008 tatoribus
523 937 631 1029 otique
654 945 789 1031 urgente
817 931 987 1022 ntcfftete
1017 931 1207 998 truduntur.
1257 926 1434 1031 ippotieſs,
1459 950 1497 1005 ut
1512 936 1639 1009 melitio
1652 935 1787 1032 eninistri
1804 947 1914 1004 noceat
1924 930 2133 1027 suscipienti,

328 1037 380 1107 Ae
391 1035 427 1132 fl
444 1038 606 1125 pendeant
629 1034 669 1101 ob
697 1031 891 1105 intentione.
916 1026 1067 1118 rcriffime
1089 1020 1208 1092 nocebit
1259 1031 1336 1130 ¹⁴²st
1349 1034 1420 1125 quis
1436 1035 1514 1105 nolit
1527 1037 1627 1105 eicere
1643 1039 1812 1107 vernante
1830 1033 1998 1128 infundere
2015 1052 2135 1125 aqueae

326 1134 455 1205 melitio
472 1128 880 1224 minssrifitseipientiber:
905 1150 982 1195 naen
1003 1123 1208 1193 intentionem
1259 1147 1294 1192 eo
1309 1140 1468 1223 tempore,
1495 1156 1557 1226 qao
1575 1157 1639 1202 non
1659 1136 1843 1203 inuenietur
1861 1129 1969 1204 otios.
1995 1133 2050 1225 qui
2059 1127 2136 1222 pus·

328 1253 437 1303 omnes
462 1227 573 1299 iubere
592 1226 740 1326 posteat,
765 1223 880 1320 natast
907 1227 993 1294 ratio
1013 1244 1071 1292 car
1093 1217 1207 1288 nolint.
1249 1222 1298 1320 fit
1316 1239 1376 1296 atet
1389 1228 1463 1301 uelit
1480 1229 1536 1300 leot
1545 1230 1665 1324 sotere.
1684 1224 1779 1325 Resp.
1800 1232 1834 1297 in
1857 1227 1909 1298 tali
1928 1226 2003 1298 castr
2023 1226 2134 1310 iridem

307 1329 425 1426 'Resp.
434 1329 536 1422 tnagis
552 1332 707 1398 &minue
720 1350 790 1395 non
806 1324 930 1391 variant
944 1316 1101 1417 speciem.-
1141 1312 1207 1383 Ab·
1259 1320 1378 1393 malitia
1394 1323 1603 1397 alteriusnon
1619 1321 1956 1397 nocersacramentum
1977 1318 2134 1421 suscipere

330 1424 434 1519 solute
444 1422 598 1515 ‘injutum
612 1423 674 1496 effi:
687 1415 940 1513 chrysostomus
954 1415 1149 1515 pronunciat
1171 1415 1206 1481 tt
1260 1425 1441 1516 expetenti,
1480 1421 1633 1519 squidem
1659 1449 1727 1494 non
1757 1423 1801 1493 est
1816 1419 1957 1492 absoluta
2006 1419 2133 1493 undam

328 1528 459 1600 evidens
477 1526 562 1591 ratio
580 1521 716 1621 probat,
733 1517 889 1589 malitiam
906 1517 1039 1586 ministri
1054 1533 1130 1583 vere
1140 1531 1207 1604 pot·
1257 1508 1555 1599 sacramentorum,
1581 1546 1622 1593 ne
1631 1520 1729 1620 ipsius
1741 1521 1876 1617 quidem
1891 1446 2062 1617 baptismi,
2079 1543 2135 1591 ne·

329 1624 445 1695 nitenti
470 1624 505 1691 dt
524 1622 665 1691 credenti
687 1640 825 1705 nocere,
842 1638 885 1712 'er
908 1639 930 1683 o
945 1639 1007 1683 nec
1024 1609 1118 1712 ‚saepe
1146 1627 1208 1676 nec
1259 1614 1379 1686 ceffirae
1394 1616 1605 1698 adsalutem,
1631 1639 1665 1690 ut
1681 1637 1769 1715 patet
1782 1617 1932 1715 exemplo
1955 1635 2133 1710 martyrum

329 1744 406 1795 raro
429 1714 550 1789 malitia
573 1718 706 1788 ministri
728 1738 823 1787 nocet
845 1638 1038 1810 suscipienti.
1089 1703 1209 1797 Qtlui·
1259 1717 1295 1785 dt
1318 1715 1622 1788 catechumenorum
1647 1736 1722 1788 ante
1753 1712 1948 1816 baptismum
1975 1715 2132 1813 abrepto·
2187 1720 2189 1723 ⁴

330 1844 391 1893 mo
409 1815 570 1888 ministros
586 1809 762 1913 flagitiosos
776 1807 905 1884 ecclelia
919 1833 987 1881 non
1003 1803 1139 1882 tolerat.
1155 1796 1207 1871 sed
1259 1833 1350 1899 rum,
1375 1838 1438 1912 qua
1455 1813 1495 1886 de
1510 1839 1545 1886 re
1559 1810 1616 1885 suo
1631 1814 1720 1888 loco.
1770 1815 1833 1904 d.)
1851 1816 1928 1888 Non
1942 1815 2030 1885 debet
2046 1818 2133 1886 uide·
2191 1871 2196 1882 .

328 1914 528 2013 negligenter
546 1912 598 1984 vel
617 1938 684 1984 non
702 1907 901 1982 intendentes
915 1912 949 1977 in
959 1902 1208 1978 administratio·
1258 1911 1290 1978 ri
1311 1915 1458 1997 derum,
1482 1918 1568 2008 qnod
1598 1915 1694 1983 Deus
1709 1917 1901 2011 permittit,
1927 1936 1966 1983 ne
1988 1912 2132 2012 desinent

328 2040 372 2088 tte
383 2010 659 2083 sacramentorum
675 2009 812 2081 tolerare
832 2010 978 2104 cogitur.
1004 2027 1084 2099 ergo
1102 1998 1125 2072 fi
1141 2018 1208 2067 nou
1258 2021 1411 2079 oaeneon
1433 2010 1587 2088 boneinis,
1613 2008 1766 2102 (utsaluc
1783 2013 1955 2081 hominum
1978 2008 2063 2080 sitin
2081 2031 2131 2079 ar·
2233 1999 2242 2010 '

329 2116 470 2185 intentio
486 2109 535 2178 vel
549 2105 694 2205 perversa
710 2108 847 2178 intentio
867 2105 1002 2174 ministri
1018 2100 1142 2170 tolieret
1161 2098 1209 2163 in·
1258 2103 1358 2178 bitrio
1380 2111 1476 2205 impii
1498 2107 1663 2199 ministri)
1686 2109 1826 2205 alioquin
1846 2113 1943 2181 etiem
1967 2111 2131 2179 vitiaretur

329 2212 515 2307 tegritatem
532 2199 739 2281 sacramenti.
765 2200 877 2299 sapius
891 2198 990 2271 aliena
1011 2196 1130 2268 malitia
1148 2215 1210 2261 no·
1258 2209 1378 2275 aarum
1388 2260 1397 2292 ‚
1424 2212 1509 2301 quod
1524 2208 1617 2277 Deus
1634 2207 1798 2302 reliquerit
1813 2210 1846 2277 tn
1864 2211 2000 2278 arbitrio
2016 2221 2131 2303 tyran.

329 2331 418 2381 cerer
441 2301 619 2400 suscipienti
644 2300 903 2386 sacramentum,
928 2292 1064 2396 quamsi
1082 2299 1209 2404 impro:
1258 2305 1582 2375 „ivitasmulemm
1600 2308 1822 2378 immitam,
1872 2301 1967 2401 Resp.,
1994 2302 2132 2375 „0110st

330 2406 415 2477 bitae
439 2408 509 2474 vita
540 2404 573 2471 in
604 2400 748 2472 minillro
782 2400 1001 2494 integritatem
1024 2390 1210 2464 samameutt
1260 2396 1447 2473 immediata
1468 2400 1632 2500 oppositio
1647 2405 1730 2473 inter
1745 2401 1996 2474 destructionem
2012 2419 2134 2472 naturae
2261 2473 2266 2480 ,

331 2502 468 2576 tolleret.
521 2502 554 2570 si
575 2497 910 2570 excommunicationis
924 2489 1048 2566 fulmen
1068 2491 1211 2593 uibtetut
1259 2496 1421 2589 hominis,
1450 2506 1484 2573 dt
1498 2506 1584 2572 inter
1601 2495 1864 2597 pertniffionem,
1878 2518 1914 2572 ut
1930 2497 2011 2570 saltur
2024 2501 2133 2570 homi.

331 2607 367 2674 in
381 2624 468 2685 eum,
481 2601 538 2694 qui
553 2590 1040 2671 innocensessnelfiabsolutio
1055 2614 1093 2660 ex
1108 2587 1210 2658 livore
1258 2621 1337 2668 num
1365 2595 1402 2667 stt
1428 2599 1461 2672 in
1483 2599 1619 2672 arbitrio
1638 2600 1730 2694 impii
1751 2598 1905 2684 minillri,
1929 2598 2023 2672 datur
2043 2600 2131 2669 enim

331 2718 429 2795 atque
442 2696 523 2767 odio
540 2694 718 2791 denegetur
734 2696 788 2770 ei.
812 2697 867 2792 qui
884 2713 995 2760 veram
1021 2685 1210 2785 poenitfflil·
1260 2699 1414 2775 tertium,
1441 2721 1476 2768 ut
1492 2701 1580 2769 Deus
1595 2692 1662 2791 ipse
1679 2690 1830 2771 conferat
1851 2693 2079 2792 sacramentum
2092 2699 2131 2768 dt

332 2823 388 2868 aru
402 2798 490 2893 agit,
513 2816 614 2863 nemo
632 2793 740 2865 dicere
754 2790 902 2866 audebit,
917 2812 992 2875 eum
1005 2808 1119 2857 coram
1135 2783 1211 2856 Deo
1260 2789 1446 2865 sacramenti
1463 2799 1623 2891 gratiam,
1649 2796 1702 2888 qui
1717 2792 1758 2863 ad
1779 2812 1914 2866 externa
1931 2793 2038 2867 media
2061 2818 2129 2864 nott

331 2894 640 2966 excommunl⁶²l⁰m
662 2885 745 2977 ‘ffei
779 2891 849 2985 Pisi
875 2888 999 2957 ‘²¹5⁰110
1021 2881 1047 2954 sl
1069 2876 1212 2954 minister
1257 2894 1303 2965 est
1319 2890 1483 2989 adligatus.
1508 2894 1633 2988 Magna
1644 2913 1722 2960 vero
1739 2888 1902 2964 dithfitat
1916 2892 1961 2964 est
1977 2898 2060 2962 inter
2081 2908 2131 2981 ty·

331 2990 490 3089 inprobus
502 2986 663 3059 subtrahat
682 2990 893 3058 intentionem
910 2979 1114 3079 baptizandi.
1141 3001 1211 3047 1¹0ss
1256 3014 1414 3068 reanum,
1439 2991 1497 3087 qui
1517 2991 1615 3070 vitam
1628 2987 1806 3059 naturalem
1824 2991 2047 3062 innocentibus
2070 2991 2132 3060 cri·

330 3091 379 3165 est
405 3081 800 3181 dicendumbaptismum
831 3079 925 3153 reddi
938 3082 1089 3164 irriturn3
1116 3070 1213 3148 asser·
1257 3094 1325 3188 pit,
1349 3095 1386 3161 ὅ(
1403 3091 1488 3159 inter
1499 3086 1689 3183 improbum
1706 3083 1912 3166 ministrum,
1934 3092 2050 3185 quiex
2068 3086 2130 3175 hy.

332 3191 431 3260 tionis
458 3182 704 3255 fundamentum
735 3182 907 3278 utrobique
951 3177 1058 3257 idem.
1095 3173 1212 3250 scilicet
1259 3183 1385 3287 potheli
1415 3183 1600 3259 bellarmini
1637 3181 1765 3254 salutem
1801 3183 1997 3281 baptizando
2024 3185 2130 3281 eripit.

333 3273 1026 3375 malitiam-ministrinonnocereadsalutem
1038 3274 1212 3348 accedenti.
1261 3293 1347 3362 Deus
1361 3279 1442 3353 nihil
1455 3281 1531 3352 mali
1550 3284 1727 3379 permittit,
1750 3284 1828 3378 quin
1846 3289 1947 3374 rnajue
1968 3280 2042 3354 inde
2066 3280 2130 3353 bo·

332 3385 390 3471 b.)
417 3378 629 3479 Jastcnnest‚
653 3392 765 3448 utnon
773 3381 934 3469 pendeant
947 3375 1158 3470 sternumenta
1171 3378 1212 3445 ab
1258 3410 1336 3455 num
1362 3379 1478 3453 elicere
1506 3377 1626 3478 potiit.
1654 3381 1807 3476 permittit
1837 3404 1918 3479 ergo
1941 3382 2130 3452 innocenter
2187 3411 2190 3417 ¹

331 3504 372 3554 ee
387 3483 541 3579 qualitate
556 3481 634 3549 taini
660 3480 708 3553 ri.
738 3498 819 3571 quat
837 3499 900 3544 non
915 3476 958 3569 2st
971 3473 1139 3574 netefforia
1156 3475 1216 3566 t'pfi
1259 3508 1298 3554 ex
1322 3481 1382 3551 hac
1411 3480 1475 3551 vita
1496 3502 1556 3575 per
1586 3495 1742 3572 tyrannos
1763 3476 1885 3573 abripi,
1912 3502 1958 3549 ut·
1973 3478 2128 3577 probetur
2181 3553 2185 3560 ,

333 3578 526 3675 ministerio,
548 3579 652 3673 qualis
668 3574 709 3670 est
717 3576 883 3668 probitas:
900 3585 937 3641 ot
950 3596 1014 3641 oon
1034 3586 1214 3666 notaeque
1258 3578 1399 3666 ipsctrum
1413 3574 1514 3664 fidet,
1538 3579 1707 3672 patientia,
1732 3573 1911 3649 eoullantia
1931 3582 1994 3650 dte.
2021 3594 2055 3647 ut
2078 3571 2128 3646 fn.
2261 3587 2273 3607 ⁸

326 3677 478 3781 Justum,‚
498 3688 537 3747 tii
559 3700 625 3745 noa
631 3676 797 3767 pendeant
810 3693 832 3738 a
854 3669 1029 3763 qualitate.
1045 3670 1118 3768 flet
1148 3693 1212 3763 qua
1259 3682 1335 3746 turia
1353 3673 1446 3745 malis
1460 3677 1702 3768 praeripiantur,
1717 3691 1752 3742 ut
1768 3697 1890 3745 merces
1910 3670 2053 3768 ipsorum
2069 3697 2131 3744 σο·
2150 3669 2170 3738 .'

333 3768 476 3865 eninilier
506 3798 571 3845 non
600 3767 833 3868 epiminfitt,
865 3768 969 3863 qualis
996 3766 1039 3862 est
1066 3769 1211 3839 intentio.
1280 3771 1347 3843 iosa
1371 3770 1410 3841 stt
1428 3774 1461 3839 in
1478 3766 1583 3845 coelo.
1604 3777 1666 3842 &n
1685 3795 1755 3869 quet
1782 3773 1892 3840 omnia
1917 3794 1983 3851 non
2006 3769 2131 3841 habent

335 3870 435 3969 Resp.
465 3875 564 3943 etiam
591 3869 656 3940 fine
680 3866 731 3938 illa
747 3868 927 3960 intentione
953 3861 1097 3935 minister
1117 3861 1212 3938 eis&
1257 3797 1368 3943 locum
1383 3872 1417 3938 in
1435 3863 1598 3963 propofito
1613 3883 1813 3967 argumento.
1860 3871 1967 3964 Atque
1991 3870 2034 3939 ita
2081 3871 2128 3938 ui·

336 3986 449 4042 manet
469 3971 613 4041 minister
628 3965 695 4038 five
709 3958 903 4060 dispensator
921 3957 1130 4042 sacramenti,
1154 3962 1213 4033 ob·
1258 3968 1334 4041 dem
1347 3982 1542 4062 argumento
1563 3963 1801 4064 nollro(quod
1817 3971 1852 4037 &
1866 3893 2113 4038 animanda

332 4063 440 4141 semar
453 4069 541 4139 enim
557 4068 667 4139 omnia
669 4060 896 4159 selesientiolio
912 4056 1110 4134 sacrantenti.
1147 4059 1213 4132 Ad·
1260 4067 1403 4138 tltarinuc
1419 4062 1538 4159 urget)
1558 4057 1630 4133 satie
1655 4062 1825 4138 crudeliter
1848 4062 2055 4136 uellarminn
2075 4086 2130 4135 re·

334 4165 490 4265 plicamus
514 4165 579 4238 bne
600 4160 723 4249 limile,
747 4157 839 4256 quod
861 4156 1042 4255 inpraeced.
1061 4183 1132 4255 cap.
1157 4170 1213 4233 26.
1257 4160 1404 4263 spondet.
1452 4159 1514 4230 Sed
1533 4158 1712 4233 Alexander
1727 4157 1847 4230 Alenste
1869 4159 2049 4233 modestior
2068 4159 2129 4246 eti,
2242 4190 2264 4204 ·‘

291 4332 293 4336 .
335 4262 547 4341 Bellarminne
579 4258 718 4356 usurpat.
778 4259 943 4327 Haeretici
971 4257 1118 4354 (iuquit)
1148 4282 1213 4330 non
1259 4264 1340 4336 dicit
1362 4254 1508 4336 enim,li
1531 4256 1673 4329 minister
1694 4253 1891 4330 subtraheret
1914 4260 2130 4331 intentionem
2200 4307 2208 4330 .

315 4361 451 4435 -lteltent
464 4363 666 4455 remiffiontm
670 4370 872 4451 peecatorem
876 4354 1085 4449 formaliter,
1108 4368 1216 4429 tanen
1261 4360 1348 4431 suam
1361 4358 1582 4432 interiorem,
1608 4379 1676 4424 non
1696 4352 1771 4427 esset
1794 4355 1928 4449 quidem
1950 4379 2061 4430 aarum
2079 4350 2131 4426 sa·

335 4459 452 4535 laniem
482 4459 748 4553 ministerialiter,
781 4457 936 4548 quomodo
952 4452 1128 4549 fancies.
1159 4462 1216 4550 qai
1261 4446 1681 4532 crementum,salveretur
1698 4476 1808 4523 tamen
1827 4448 2130 4550 adultuabeptismn

323 4558 502 4656 seeptnon
523 4558 614 4630 tabee
625 4578 727 4626 enum
739 4551 888 4630 obelum,
901 4563 1010 4623 tomen
1023 4552 1126 4646 defert
1138 4556 1219 4623 tnui.
1251 4552 1423 4638 vliatninit,
1448 4552 1514 4623 hoc
1528 4546 1594 4635 est,
1620 4547 1671 4619 sua
1692 4553 1844 4647 patientia
1862 4557 1897 4624 bc
1912 4556 2044 4623 caritate
2062 4548 2132 4625 lina

337 4668 388 4728 tos
405 4677 522 4725 eureos
542 4682 564 4727 o
579 4651 845 4746 Dominoseooti
860 4651 960 4720 elium
976 4650 1021 4719 eli
1041 4674 1122 4722 aem.
1161 4654 1217 4722 Io·
1263 4647 1432 4747 baptismo.
1477 4648 1540 4720 Sed
1556 4645 1674 4742 quidsi
1690 4653 1722 4720 in
1740 4646 2045 4746 baptismoparuuli
2068 4654 2132 4722 rni-

313 4750 642 4851 ·deficcolligimus.
691 4745 984 4847 Quemadmodum
1075 4745 1146 4820 ulue
1163 4747 1215 4823 ile
1262 4748 1359 4821 nisier
1376 4741 1571 4820 subtraberet
1585 4746 1822 4823 intentionem,
1847 4771 1943 4843 atque
1957 4754 2000 4820 ite
2013 4747 2134 4843 pertua

315 4852 385 4925 >est
408 4859 445 4924 dt
472 4869 581 4925 manet
606 4847 747 4919 minister
773 4870 886 4917 aureos
906 4843 1116 4926 distribuent,
1140 4845 1214 4919 licet
1259 4847 1475 4920 lutoonvere
1492 4843 1668 4940 baptizatus
1686 4863 1761 4916 ante
1776 4840 2012 4917 usumrationis
2033 4846 2130 4917 deee-
2202 4895 2206 4900 -

338 4945 541 5023 nonhabeat
559 4948 777 5043 intentionem
797 4942 917 5023 dandi,
943 4942 994 5018 vel
1013 4971 1053 5019 ex
1069 4944 1149 5020 odio
1160 4947 1212 5020 iu·
1243 4947 1375 5021 -deret,
1401 4968 1444 5016 au
1460 4940 1580 5017 malitia
1594 4940 1734 5016 ministri
1747 4961 1879 5018 noceret
1899 4940 1995 5041 ipfiue
2018 4938 2148 5019 salutii·
2178 4993 2194 5010 t

394 5047 490 5122 Tem:
514 5048 621 5130 VIII.
1303 5038 1362 5120 fs
1689 5089 1696 5100 =
2063 5040 2134 5117 Re·
