<?xml version="1.0" encoding="UTF-8"?>
<!DOCTYPE html PUBLIC "-//W3C//DTD XHTML 1.0 Transitional//EN"
    "http://www.w3.org/TR/xhtml1/DTD/xhtml1-transitional.dtd">
<html xmlns="http://www.w3.org/1999/xhtml" xml:lang="en" lang="en">
 <head>
  <title>
</title>
<meta http-equiv="Content-Type" content="text/html;charset=utf-8" />
  <meta name='ocr-system' content='tesseract 3.04.00' />
  <meta name='ocr-capabilities' content='ocr_page ocr_carea ocr_par ocr_line ocrx_word'/>
</head>
<body>
  <div class='ocr_page' id='page_1' title='image "./locitheologicic00cottgoog/locitheologicic00cottgoog_0262.png"; bbox 0 0 4900 5809; ppageno 0'>
   <div class='ocr_carea' id='block_1_1' title="bbox 420 332 1913 438">
    <p class='ocr_par' dir='ltr' id='par_1_1' title="bbox 420 332 1913 438">
     <span class='ocr_line' id='line_1_1' title="bbox 420 332 1913 438; baseline -0.004 -15"><span class='ocrx_word' id='word_1_1' title='bbox 420 356 497 438; x_wconf 74' lang='lat'>258</span> <span class='ocrx_word' id='word_1_2' title='bbox 1062 344 1190 419; x_wconf 74' lang='lat' dir='ltr'>LOCl</span> <span class='ocrx_word' id='word_1_3' title='bbox 1222 344 1354 423; x_wconf 84' lang='lat' dir='ltr'>XVII.</span> <span class='ocrx_word' id='word_1_4' title='bbox 1386 344 1498 425; x_wconf 76' lang='lat' dir='ltr'>CAP.</span> <span class='ocrx_word' id='word_1_5' title='bbox 1522 346 1586 419; x_wconf 89' lang='lat' dir='ltr'>tv.</span> <span class='ocrx_word' id='word_1_6' title='bbox 1631 346 1634 353; x_wconf 86' lang='lat'>&#39;</span> <span class='ocrx_word' id='word_1_7' title='bbox 1898 332 1913 371; x_wconf 73' lang='lat'><em>⁶</em></span> 
     </span>
    </p>
   </div>
   <div class='ocr_carea' id='block_1_2' title="bbox 292 490 2267 3849">
    <p class='ocr_par' dir='ltr' id='par_1_2' title="bbox 292 490 2267 3855">
     <span class='ocr_line' id='line_1_2' title="bbox 421 490 2225 625; baseline 0.002 -33"><span class='ocrx_word' id='word_1_8' title='bbox 421 520 490 625; x_wconf 84' lang='lat' dir='ltr'>sam</span> <span class='ocrx_word' id='word_1_9' title='bbox 508 520 737 615; x_wconf 79' lang='lat' dir='ltr'>justificationis</span> <span class='ocrx_word' id='word_1_10' title='bbox 755 514 917 621; x_wconf 75' lang='lat' dir='ltr'>duplicem</span> <span class='ocrx_word' id='word_1_11' title='bbox 940 516 1002 594; x_wconf 91' lang='lat' dir='ltr'>esse</span> <span class='ocrx_word' id='word_1_12' title='bbox 1022 512 1172 616; x_wconf 80' lang='lat' dir='ltr'>jusiitiam</span> <span class='ocrx_word' id='word_1_13' title='bbox 1192 527 1298 621; x_wconf 87' lang='lat' dir='ltr'>impu·</span> <span class='ocrx_word' id='word_1_14' title='bbox 1347 510 1375 600; x_wconf 83' lang='lat' dir='ltr'>li¹</span> <span class='ocrx_word' id='word_1_15' title='bbox 1389 520 1452 599; x_wconf 84' lang='lat' dir='ltr'>Dei</span> <span class='ocrx_word' id='word_1_16' title='bbox 1470 515 1586 597; x_wconf 88' lang='lat' dir='ltr'>iuslitia</span> <span class='ocrx_word' id='word_1_17' title='bbox 1609 544 1709 595; x_wconf 92' lang='lat' dir='ltr'>nemo</span> <span class='ocrx_word' id='word_1_18' title='bbox 1726 518 1823 596; x_wconf 82' lang='lat' dir='ltr'>lullus</span> <span class='ocrx_word' id='word_1_19' title='bbox 1839 517 1903 613; x_wconf 85' lang='lat' dir='ltr'>esi,</span> <span class='ocrx_word' id='word_1_20' title='bbox 1929 518 1989 593; x_wconf 90' lang='lat' dir='ltr'>nisi</span> <span class='ocrx_word' id='word_1_21' title='bbox 2008 490 2225 611; x_wconf 63' lang='lat' dir='ltr'>soluendus,</span> 
     </span>
     <span class='ocr_line' id='line_1_3' title="bbox 425 620 2224 721; baseline 0.002 -30"><span class='ocrx_word' id='word_1_22' title='bbox 425 640 540 693; x_wconf 88' lang='lat' dir='ltr'>tatam.</span> <span class='ocrx_word' id='word_1_23' title='bbox 946 684 949 689; x_wconf 96' lang='lat'>.</span> <span class='ocrx_word' id='word_1_24' title='bbox 1113 636 1118 647; x_wconf 91' lang='lat'>&#39;</span> <span class='ocrx_word' id='word_1_25' title='bbox 1347 623 1622 721; x_wconf 76' lang='lat' dir='ltr'><strong>quemadmodum</strong></span> <span class='ocrx_word' id='word_1_26' title='bbox 1652 620 1800 696; x_wconf 76' lang='lat' dir='ltr'>essentiali</span> <span class='ocrx_word' id='word_1_27' title='bbox 1823 624 1886 696; x_wconf 80' lang='lat' dir='ltr'>Dei</span> <span class='ocrx_word' id='word_1_28' title='bbox 1908 620 2148 715; x_wconf 88' lang='lat' dir='ltr'>omnipotentia</span> <span class='ocrx_word' id='word_1_29' title='bbox 2165 630 2224 695; x_wconf 82' lang='lat' dir='ltr'>ite·</span> 
     </span>
     <span class='ocr_line' id='line_1_4' title="bbox 400 708 2224 835; baseline -0.001 -42"><span class='ocrx_word' id='word_1_30' title='bbox 400 735 417 773; x_wconf 74' lang='lat'><strong>⁹</strong></span> <span class='ocrx_word' id='word_1_31' title='bbox 450 776 495 835; x_wconf 68' lang='lat' dir='ltr'>Ar</span> <span class='ocrx_word' id='word_1_32' title='bbox 744 708 1299 815; x_wconf 74' lang='lat' dir='ltr'>§.CXCVI-Salmetonbocqui·</span> <span class='ocrx_word' id='word_1_33' title='bbox 1348 712 1465 797; x_wconf 84' lang='lat' dir='ltr'>moesi</span> <span class='ocrx_word' id='word_1_34' title='bbox 1481 738 1620 820; x_wconf 84' lang='lat' dir='ltr'>potent,</span> <span class='ocrx_word' id='word_1_35' title='bbox 1647 721 1705 792; x_wconf 91' lang='lat' dir='ltr'>nist</span> <span class='ocrx_word' id='word_1_36' title='bbox 1720 718 1801 791; x_wconf 88' lang='lat' dir='ltr'>solut</span> <span class='ocrx_word' id='word_1_37' title='bbox 1816 715 2105 813; x_wconf 82' lang='lat' dir='ltr'>Deur‚stquidem</span> <span class='ocrx_word' id='word_1_38' title='bbox 2121 710 2224 791; x_wconf 83' lang='lat' dir='ltr'>essen·</span> 
     </span>
     <span class='ocr_line' id='line_1_5' title="bbox 383 792 2224 935; baseline 0.002 -47"><span class='ocrx_word' id='word_1_39' title='bbox 383 866 394 888; x_wconf 84' lang='grc'>.-</span> <span class='ocrx_word' id='word_1_40' title='bbox 424 792 649 935; x_wconf 52' lang='lat' dir='ltr'>ossaffgmo,</span> <span class='ocrx_word' id='word_1_41' title='bbox 694 822 789 887; x_wconf 88' lang='lat' dir='ltr'>natio</span> <span class='ocrx_word' id='word_1_42' title='bbox 806 838 944 905; x_wconf 82' lang='lat' dir='ltr'>nurnero</span> <span class='ocrx_word' id='word_1_43' title='bbox 961 834 1129 889; x_wconf 80' lang='lat' dir='ltr'>contentus</span> <span class='ocrx_word' id='word_1_44' title='bbox 1153 810 1214 887; x_wconf 88' lang='lat' dir='ltr'>else</span> <span class='ocrx_word' id='word_1_45' title='bbox 1239 841 1299 889; x_wconf 91' lang='lat' dir='ltr'>no·</span> <span class='ocrx_word' id='word_1_46' title='bbox 1349 824 1391 891; x_wconf 88' lang='lat' dir='ltr'>tia</span> <span class='ocrx_word' id='word_1_47' title='bbox 1407 828 1442 895; x_wconf 75' lang='lat' dir='ltr'>br</span> <span class='ocrx_word' id='word_1_48' title='bbox 1466 814 1634 891; x_wconf 67' lang='lat' dir='ltr'>essentialia</span> <span class='ocrx_word' id='word_1_49' title='bbox 1661 821 1815 891; x_wconf 88' lang='lat' dir='ltr'>idiomata</span> <span class='ocrx_word' id='word_1_50' title='bbox 1838 818 1899 887; x_wconf 84' lang='lat' dir='ltr'>Dei</span> <span class='ocrx_word' id='word_1_51' title='bbox 1925 812 1994 887; x_wconf 89' lang='lat' dir='ltr'>sunt</span> <span class='ocrx_word' id='word_1_52' title='bbox 2013 810 2224 895; x_wconf 79' lang='lat' dir='ltr'>u&#39;ttatrtitm</span> 
     </span>
     <span class='ocr_line' id='line_1_6' title="bbox 483 910 2223 1009; baseline 0.003 -26"><span class='ocrx_word' id='word_1_53' title='bbox 483 934 581 997; x_wconf 66' lang='lat' dir='ltr'>mna..</span> <span class='ocrx_word' id='word_1_54' title='bbox 695 911 772 989; x_wconf 83' lang='lat' dir='ltr'>tuit,</span> <span class='ocrx_word' id='word_1_55' title='bbox 795 910 870 984; x_wconf 92' lang='lat' dir='ltr'>ideo</span> <span class='ocrx_word' id='word_1_56' title='bbox 892 929 974 985; x_wconf 88' lang='lat' dir='ltr'>tom.</span> <span class='ocrx_word' id='word_1_57' title='bbox 990 914 1059 985; x_wconf 86' lang='lat' dir='ltr'>XV.</span> <span class='ocrx_word' id='word_1_58' title='bbox 1084 938 1204 987; x_wconf 86' lang='lat' dir='ltr'>comm.</span> <span class='ocrx_word' id='word_1_59' title='bbox 1289 966 1297 985; x_wconf 90' lang='lat'><strong>.</strong></span> <span class='ocrx_word' id='word_1_60' title='bbox 1350 916 1503 989; x_wconf 79' lang='lat' dir='ltr'>omnibus</span> <span class='ocrx_word' id='word_1_61' title='bbox 1517 918 1670 988; x_wconf 85' lang='lat' dir='ltr'>creatoris</span> <span class='ocrx_word' id='word_1_62' title='bbox 1685 933 1770 1009; x_wconf 76' lang='lat' dir='ltr'>extra</span> <span class='ocrx_word' id='word_1_63' title='bbox 1789 910 2073 1008; x_wconf 56' lang='lat' dir='ltr'>intractatam</span> <span class='ocrx_word' id='word_1_64' title='bbox 2089 916 2223 989; x_wconf 82' lang='lat' dir='ltr'>exissen-</span> 
     </span>
     <span class='ocr_line' id='line_1_7' title="bbox 699 1008 2224 1109; baseline 0.006 -32"><span class='ocrx_word' id='word_1_65' title='bbox 699 1034 756 1089; x_wconf 65' lang='grc' dir='ltr'>ις.</span> <span class='ocrx_word' id='word_1_66' title='bbox 780 1012 894 1106; x_wconf 84' lang='lat' dir='ltr'>viginti</span> <span class='ocrx_word' id='word_1_67' title='bbox 921 1010 996 1082; x_wconf 81' lang='lat' dir='ltr'>duas</span> <span class='ocrx_word' id='word_1_68' title='bbox 1019 1008 1231 1109; x_wconf 65' lang='lat' dir='ltr'>discrepantes</span> <span class='ocrx_word' id='word_1_69' title='bbox 1281 1040 1299 1083; x_wconf 87' lang='lat' dir='ltr'>e</span> <span class='ocrx_word' id='word_1_70' title='bbox 1351 1016 1444 1107; x_wconf 85' lang='lat' dir='ltr'>¹tibus.</span> <span class='ocrx_word' id='word_1_71' title='bbox 1495 1014 1597 1101; x_wconf 80' lang='lat' dir='ltr'>Quod</span> <span class='ocrx_word' id='word_1_72' title='bbox 1614 1012 1816 1089; x_wconf 82' lang='lat' dir='ltr'>lictedentea</span> <span class='ocrx_word' id='word_1_73' title='bbox 1831 1012 1874 1082; x_wconf 88' lang='lat' dir='ltr'>ab</span> <span class='ocrx_word' id='word_1_74' title='bbox 1887 1008 2115 1105; x_wconf 80' lang='lat' dir='ltr'>essentiali-Dei</span> <span class='ocrx_word' id='word_1_75' title='bbox 2136 1014 2224 1085; x_wconf 87' lang='lat' dir='ltr'>iulii·</span> 
     </span>
     <span class='ocr_line' id='line_1_8' title="bbox 423 1102 2265 1211; baseline -0.001 -27"><span class='ocrx_word' id='word_1_76' title='bbox 423 1106 652 1211; x_wconf 82' lang='lat' dir='ltr'>justificatione</span> <span class='ocrx_word' id='word_1_77' title='bbox 668 1102 836 1179; x_wconf 84' lang='lat' dir='ltr'>sententiat</span> <span class='ocrx_word' id='word_1_78' title='bbox 854 1108 1039 1181; x_wconf 86' lang='lat' dir='ltr'>Luthtranis</span> <span class='ocrx_word' id='word_1_79' title='bbox 1051 1110 1177 1181; x_wconf 80' lang='lat' dir='ltr'>tribuit:</span> <span class='ocrx_word' id='word_1_80' title='bbox 1203 1107 1298 1182; x_wconf 79' lang='lat' dir='ltr'>nobis</span> <span class='ocrx_word' id='word_1_81' title='bbox 1350 1102 1393 1183; x_wconf 89' lang='lat' dir='ltr'>tia</span> <span class='ocrx_word' id='word_1_82' title='bbox 1411 1113 1607 1185; x_wconf 69' lang='lat' dir='ltr'>inhabitante</span> <span class='ocrx_word' id='word_1_83' title='bbox 1623 1108 1719 1195; x_wconf 78' lang='lat' dir='ltr'>essent</span> <span class='ocrx_word' id='word_1_84' title='bbox 1738 1136 1775 1182; x_wconf 87' lang='lat' dir='ltr'>ac</span> <span class='ocrx_word' id='word_1_85' title='bbox 1799 1108 1980 1181; x_wconf 88' lang='lat' dir='ltr'>dicerentur</span> <span class='ocrx_word' id='word_1_86' title='bbox 1995 1106 2089 1189; x_wconf 57' lang='lat' dir='ltr'>iutiit</span> <span class='ocrx_word' id='word_1_87' title='bbox 2114 1113 2265 1209; x_wconf 54' lang='lat' dir='ltr'>utique„</span> 
     </span>
     <span class='ocr_line' id='line_1_9' title="bbox 426 1200 2224 1305; baseline -0.003 -21"><span class='ocrx_word' id='word_1_88' title='bbox 426 1234 503 1285; x_wconf 85' lang='lat' dir='ltr'>cum</span> <span class='ocrx_word' id='word_1_89' title='bbox 523 1202 715 1279; x_wconf 77' lang='lat' dir='ltr'>bellarmino</span> <span class='ocrx_word' id='word_1_90' title='bbox 729 1206 780 1277; x_wconf 78' lang='lat' dir='ltr'>rei</span> <span class='ocrx_word' id='word_1_91' title='bbox 795 1211 877 1291; x_wconf 81' lang='lat' dir='ltr'>etit,</span> <span class='ocrx_word' id='word_1_92' title='bbox 903 1210 955 1278; x_wconf 89' lang='lat' dir='ltr'>cui</span> <span class='ocrx_word' id='word_1_93' title='bbox 970 1202 1222 1304; x_wconf 80' lang='lat' dir='ltr'>respondemus,</span> <span class='ocrx_word' id='word_1_94' title='bbox 1238 1225 1299 1279; x_wconf 88' lang='lat' dir='ltr'>ter·</span> <span class='ocrx_word' id='word_1_95' title='bbox 1352 1216 1449 1291; x_wconf 87' lang='lat' dir='ltr'>etiam</span> <span class='ocrx_word' id='word_1_96' title='bbox 1460 1212 1500 1281; x_wconf 91' lang='lat' dir='ltr'>ab</span> <span class='ocrx_word' id='word_1_97' title='bbox 1515 1206 1713 1283; x_wconf 73' lang='lat' dir='ltr'>inhabitante</span> <span class='ocrx_word' id='word_1_98' title='bbox 1733 1200 1887 1281; x_wconf 78' lang='lat' dir='ltr'>effantiall</span> <span class='ocrx_word' id='word_1_99' title='bbox 1907 1208 1968 1280; x_wconf 91' lang='lat' dir='ltr'>Dei</span> <span class='ocrx_word' id='word_1_100' title='bbox 1984 1202 2224 1305; x_wconf 77' lang='lat' dir='ltr'>omnipotentia</span> 
     </span>
     <span class='ocr_line' id='line_1_10' title="bbox 426 1296 2225 1405; baseline -0.001 -24"><span class='ocrx_word' id='word_1_101' title='bbox 426 1314 506 1381; x_wconf 87' lang='lat' dir='ltr'>tiam</span> <span class='ocrx_word' id='word_1_102' title='bbox 524 1311 558 1379; x_wconf 79' lang='lat' dir='ltr'>dt</span> <span class='ocrx_word' id='word_1_103' title='bbox 575 1306 722 1402; x_wconf 89' lang='lat' dir='ltr'>quintam</span> <span class='ocrx_word' id='word_1_104' title='bbox 739 1329 774 1376; x_wconf 88' lang='lat' dir='ltr'>et</span> <span class='ocrx_word' id='word_1_105' title='bbox 788 1304 835 1375; x_wconf 86' lang='lat' dir='ltr'>bis</span> <span class='ocrx_word' id='word_1_106' title='bbox 849 1300 1006 1376; x_wconf 80' lang='lat' dir='ltr'>sententiis</span> <span class='ocrx_word' id='word_1_107' title='bbox 1024 1300 1301 1404; x_wconf 83' lang='lat' dir='ltr'>nobitnnnpolle</span> <span class='ocrx_word' id='word_1_108' title='bbox 1353 1298 1453 1399; x_wconf 85' lang='lat' dir='ltr'>essent</span> <span class='ocrx_word' id='word_1_109' title='bbox 1470 1308 1724 1405; x_wconf 84' lang='lat' dir='ltr'>omnipotenter.</span> <span class='ocrx_word' id='word_1_110' title='bbox 1775 1306 1843 1397; x_wconf 82' lang='lat'>6.)</span> <span class='ocrx_word' id='word_1_111' title='bbox 1876 1296 2098 1401; x_wconf 67' lang='lat' dir='ltr'>Ophiussa,</span> <span class='ocrx_word' id='word_1_112' title='bbox 2133 1308 2225 1403; x_wconf 86' lang='lat' dir='ltr'>quod</span> 
     </span>
     <span class='ocr_line' id='line_1_11' title="bbox 427 1398 2224 1504; baseline -0.003 -28"><span class='ocrx_word' id='word_1_113' title='bbox 427 1405 533 1481; x_wconf 85' lang='lat' dir='ltr'>tribui.</span> <span class='ocrx_word' id='word_1_114' title='bbox 583 1400 682 1504; x_wconf 79' lang='lat' dir='ltr'>Qud</span> <span class='ocrx_word' id='word_1_115' title='bbox 700 1406 787 1474; x_wconf 85' lang='lat' dir='ltr'>enim</span> <span class='ocrx_word' id='word_1_116' title='bbox 807 1398 957 1473; x_wconf 85' lang='lat' dir='ltr'>Ohandri</span> <span class='ocrx_word' id='word_1_117' title='bbox 979 1426 1127 1475; x_wconf 86' lang='lat' dir='ltr'>errorem</span> <span class='ocrx_word' id='word_1_118' title='bbox 1144 1402 1209 1493; x_wconf 70' lang='lat'>(⁸)</span> <span class='ocrx_word' id='word_1_119' title='bbox 1228 1406 1301 1473; x_wconf 84' lang='lat' dir='ltr'>atti·</span> <span class='ocrx_word' id='word_1_120' title='bbox 1353 1400 1505 1478; x_wconf 84' lang='lat' dir='ltr'>essentiali</span> <span class='ocrx_word' id='word_1_121' title='bbox 1521 1404 1712 1480; x_wconf 89' lang='lat' dir='ltr'>Deiiuslitia</span> <span class='ocrx_word' id='word_1_122' title='bbox 1729 1398 1913 1475; x_wconf 73' lang='lat' dir='ltr'>formaliter</span> <span class='ocrx_word' id='word_1_123' title='bbox 1935 1400 2030 1477; x_wconf 85' lang='lat' dir='ltr'>fimus</span> <span class='ocrx_word' id='word_1_124' title='bbox 2045 1400 2138 1481; x_wconf 88' lang='lat' dir='ltr'>iusti,</span> <span class='ocrx_word' id='word_1_125' title='bbox 2162 1404 2224 1479; x_wconf 87' lang='lat' dir='ltr'>rn&#39;l.</span> 
     </span>
     <span class='ocr_line' id='line_1_12' title="bbox 426 1496 2224 1599; baseline -0.001 -23"><span class='ocrx_word' id='word_1_126' title='bbox 426 1521 515 1579; x_wconf 83' lang='lat' dir='ltr'>net,</span> <span class='ocrx_word' id='word_1_127' title='bbox 548 1506 566 1596; x_wconf 91' lang='lat'><strong>(</strong></span> <span class='ocrx_word' id='word_1_128' title='bbox 596 1499 638 1572; x_wconf 90' lang='lat' dir='ltr'>de</span> <span class='ocrx_word' id='word_1_129' title='bbox 669 1526 736 1599; x_wconf 91' lang='lat' dir='ltr'>quo</span> <span class='ocrx_word' id='word_1_130' title='bbox 768 1498 843 1571; x_wconf 84' lang='lat' dir='ltr'>vide</span> <span class='ocrx_word' id='word_1_131' title='bbox 882 1496 1066 1573; x_wconf 87' lang='lat' dir='ltr'>Sleidanum</span> <span class='ocrx_word' id='word_1_132' title='bbox 1089 1497 1160 1571; x_wconf 88' lang='lat' dir='ltr'>libr.</span> <span class='ocrx_word' id='word_1_133' title='bbox 1197 1500 1300 1576; x_wconf 81' lang='lat' dir='ltr'>xxti.</span> <span class='ocrx_word' id='word_1_134' title='bbox 1352 1502 1388 1576; x_wconf 92' lang='lat' dir='ltr'>lit</span> <span class='ocrx_word' id='word_1_135' title='bbox 1408 1502 1506 1575; x_wconf 86' lang='lat' dir='ltr'>finem</span> <span class='ocrx_word' id='word_1_136' title='bbox 1528 1506 1781 1582; x_wconf 80' lang='lat' dir='ltr'>incarnationis,</span> <span class='ocrx_word' id='word_1_137' title='bbox 1805 1508 1844 1595; x_wconf 79' lang='lat'>&amp;¹</span> <span class='ocrx_word' id='word_1_138' title='bbox 1860 1496 2015 1572; x_wconf 84' lang='lat' dir='ltr'>nefariam</span> <span class='ocrx_word' id='word_1_139' title='bbox 2045 1500 2224 1575; x_wconf 86' lang='lat' dir='ltr'>introducit</span> 
     </span>
     <span class='ocr_line' id='line_1_13' title="bbox 424 1592 2267 1705; baseline -0.001 -35"><span class='ocrx_word' id='word_1_140' title='bbox 424 1630 461 1705; x_wconf 78' lang='lat' dir='ltr'>p.</span> <span class='ocrx_word' id='word_1_141' title='bbox 479 1598 587 1689; x_wconf 63' lang='grc' dir='ltr'><strong>που.)</strong></span> <span class='ocrx_word' id='word_1_142' title='bbox 603 1602 627 1669; x_wconf 86' lang='lat' dir='ltr'>it</span> <span class='ocrx_word' id='word_1_143' title='bbox 641 1599 826 1669; x_wconf 82' lang='lat' dir='ltr'>nostrorum</span> <span class='ocrx_word' id='word_1_144' title='bbox 841 1594 968 1695; x_wconf 85' lang='lat' dir='ltr'>scriptis</span> <span class='ocrx_word' id='word_1_145' title='bbox 989 1602 1144 1696; x_wconf 81' lang='lat' dir='ltr'>protritus</span> <span class='ocrx_word' id='word_1_146' title='bbox 1159 1624 1196 1669; x_wconf 84' lang='lat' dir='ltr'>ac</span> <span class='ocrx_word' id='word_1_147' title='bbox 1216 1594 1301 1695; x_wconf 91' lang='lat' dir='ltr'>sopi·</span> <span class='ocrx_word' id='word_1_148' title='bbox 1351 1621 1538 1674; x_wconf 89' lang='lat' dir='ltr'>naturarum</span> <span class='ocrx_word' id='word_1_149' title='bbox 1557 1606 1589 1671; x_wconf 93' lang='lat' dir='ltr'>in</span> <span class='ocrx_word' id='word_1_150' title='bbox 1605 1596 1738 1699; x_wconf 86' lang='lat' dir='ltr'>persona</span> <span class='ocrx_word' id='word_1_151' title='bbox 1760 1597 1879 1671; x_wconf 87' lang='lat' dir='ltr'>Christi</span> <span class='ocrx_word' id='word_1_152' title='bbox 1895 1592 2153 1673; x_wconf 76' lang='lat' dir='ltr'>distradtionem.</span> <span class='ocrx_word' id='word_1_153' title='bbox 2183 1602 2223 1693; x_wconf 26' lang='lat' dir='ltr'>,st</span> <span class='ocrx_word' id='word_1_154' title='bbox 2264 1674 2267 1679; x_wconf 58' lang='grc'>,</span> 
     </span>
     <span class='ocr_line' id='line_1_14' title="bbox 425 1692 2222 1815; baseline 0.001 -47"><span class='ocrx_word' id='word_1_155' title='bbox 425 1720 476 1771; x_wconf 82' lang='lat' dir='ltr'>rus</span> <span class='ocrx_word' id='word_1_156' title='bbox 495 1696 560 1774; x_wconf 85' lang='lat' dir='ltr'>esl,</span> <span class='ocrx_word' id='word_1_157' title='bbox 584 1714 757 1791; x_wconf 85' lang='lat' dir='ltr'>antequam</span> <span class='ocrx_word' id='word_1_158' title='bbox 771 1693 979 1768; x_wconf 83' lang='lat' dir='ltr'>bellarminus</span> <span class='ocrx_word' id='word_1_159' title='bbox 1003 1722 1132 1767; x_wconf 91' lang='lat' dir='ltr'>manum</span> <span class='ocrx_word' id='word_1_160' title='bbox 1155 1692 1215 1767; x_wconf 84' lang='lat' dir='ltr'>scri</span> <span class='ocrx_word' id='word_1_161' title='bbox 1239 1700 1302 1767; x_wconf 88' lang='lat' dir='ltr'>rio·</span> <span class='ocrx_word' id='word_1_162' title='bbox 1354 1704 1439 1815; x_wconf 61' lang='lat' dir='ltr'>enipn</span> <span class='ocrx_word' id='word_1_163' title='bbox 1456 1697 1607 1770; x_wconf 87' lang='lat' dir='ltr'>essentiali</span> <span class='ocrx_word' id='word_1_164' title='bbox 1618 1698 1679 1769; x_wconf 87' lang='lat' dir='ltr'>Dei</span> <span class='ocrx_word' id='word_1_165' title='bbox 1690 1692 1806 1769; x_wconf 90' lang='lat' dir='ltr'>iustitia</span> <span class='ocrx_word' id='word_1_166' title='bbox 1824 1694 1927 1767; x_wconf 80' lang='lat' dir='ltr'>sumus</span> <span class='ocrx_word' id='word_1_167' title='bbox 1944 1692 2027 1799; x_wconf 77' lang='lat' dir='ltr'>iusti,</span> <span class='ocrx_word' id='word_1_168' title='bbox 2041 1694 2123 1793; x_wconf 90' lang='lat' dir='ltr'>quid</span> <span class='ocrx_word' id='word_1_169' title='bbox 2140 1716 2222 1797; x_wconf 85' lang='lat' dir='ltr'>opua</span> 
     </span>
     <span class='ocr_line' id='line_1_15' title="bbox 389 1720 2223 1891; baseline -0.003 -21"><span class='ocrx_word' id='word_1_170' title='bbox 389 1794 399 1811; x_wconf 85' lang='lat'><em>&#39;</em></span> <span class='ocrx_word' id='word_1_171' title='bbox 426 1801 463 1870; x_wconf 91' lang='lat' dir='ltr'>nl</span> <span class='ocrx_word' id='word_1_172' title='bbox 483 1794 630 1867; x_wconf 85' lang='lat' dir='ltr'>admovit</span> <span class='ocrx_word' id='word_1_173' title='bbox 646 1792 745 1889; x_wconf 49' lang='lat' dir='ltr'>(ii).</span> <span class='ocrx_word' id='word_1_174' title='bbox 778 1792 1114 1891; x_wconf 81' lang='lat' dir='ltr'>Oppnhendaautem</span> <span class='ocrx_word' id='word_1_175' title='bbox 1132 1790 1203 1865; x_wconf 89' lang='lat' dir='ltr'>sunt</span> <span class='ocrx_word' id='word_1_176' title='bbox 1218 1720 1301 1864; x_wconf 73' lang='lat' dir='ltr'>ituit</span> <span class='ocrx_word' id='word_1_177' title='bbox 1353 1792 1416 1869; x_wconf 82' lang='lat' dir='ltr'>stur</span> <span class='ocrx_word' id='word_1_178' title='bbox 1431 1796 1543 1867; x_wconf 86' lang='lat' dir='ltr'>Filium</span> <span class='ocrx_word' id='word_1_179' title='bbox 1560 1798 1795 1870; x_wconf 83' lang='lat' dir='ltr'>Dei&#39;incamati</span> <span class='ocrx_word' id='word_1_180' title='bbox 1812 1794 1893 1865; x_wconf 82' lang='lat' dir='ltr'>&amp;in</span> <span class='ocrx_word' id='word_1_181' title='bbox 1912 1792 2054 1865; x_wconf 85' lang='lat' dir='ltr'>adsumta</span> <span class='ocrx_word' id='word_1_182' title='bbox 2083 1796 2223 1865; x_wconf 83' lang='lat' dir='ltr'>humana</span> 
     </span>
     <span class='ocr_line' id='line_1_16' title="bbox 422 1884 2223 1994; baseline -0.003 -25"><span class='ocrx_word' id='word_1_183' title='bbox 422 1888 575 1994; x_wconf 82' lang='lat' dir='ltr'>&#39;opinioni</span> <span class='ocrx_word' id='word_1_184' title='bbox 604 1886 765 1988; x_wconf 88' lang='lat' dir='ltr'>sequentia</span> <span class='ocrx_word' id='word_1_185' title='bbox 789 1884 1021 1965; x_wconf 78' lang='lat' dir='ltr'>fundamenta·</span> <span class='ocrx_word' id='word_1_186' title='bbox 1043 1908 1046 1913; x_wconf 83' lang='lat'>&#39;</span> <span class='ocrx_word' id='word_1_187' title='bbox 1068 1887 1123 1991; x_wconf 63' lang='lat' dir='ltr'>ti)</span> <span class='ocrx_word' id='word_1_188' title='bbox 1148 1884 1302 1975; x_wconf 82' lang='lat' dir='ltr'>Jusliiica·</span> <span class='ocrx_word' id='word_1_189' title='bbox 1355 1912 1466 1967; x_wconf 88' lang='lat' dir='ltr'>natnta</span> <span class='ocrx_word' id='word_1_190' title='bbox 1481 1918 1543 1993; x_wconf 86' lang='lat' dir='ltr'>pro</span> <span class='ocrx_word' id='word_1_191' title='bbox 1605 1898 1700 1965; x_wconf 78' lang='lat' dir='ltr'>centis</span> <span class='ocrx_word' id='word_1_192' title='bbox 1716 1886 1829 1962; x_wconf 84' lang='lat' dir='ltr'>nostris</span> <span class='ocrx_word' id='word_1_193' title='bbox 1851 1909 1941 1961; x_wconf 85' lang='lat' dir='ltr'>tanto</span> <span class='ocrx_word' id='word_1_194' title='bbox 1968 1890 2079 1963; x_wconf 87' lang='lat' dir='ltr'>labore</span> <span class='ocrx_word' id='word_1_195' title='bbox 2094 1886 2223 1989; x_wconf 21' lang='lat' dir='ltr'>¹sat-iasa-</span> 
     </span>
     <span class='ocr_line' id='line_1_17' title="bbox 426 1982 2225 2081; baseline -0.002 -17"><span class='ocrx_word' id='word_1_196' title='bbox 426 1999 474 2064; x_wconf 88' lang='lat' dir='ltr'>tio</span> <span class='ocrx_word' id='word_1_197' title='bbox 498 1988 606 2061; x_wconf 91' lang='lat' dir='ltr'>nnslta</span> <span class='ocrx_word' id='word_1_198' title='bbox 620 1986 797 2061; x_wconf 87' lang='lat' dir='ltr'>definiente</span> <span class='ocrx_word' id='word_1_199' title='bbox 823 2015 841 2058; x_wconf 92' lang='lat' dir='ltr'>a</span> <span class='ocrx_word' id='word_1_200' title='bbox 866 1986 973 2069; x_wconf 85' lang='lat' dir='ltr'>nslolo</span> <span class='ocrx_word' id='word_1_201' title='bbox 998 1993 1098 2081; x_wconf 78' lang='lat' dir='ltr'>Rom.</span> <span class='ocrx_word' id='word_1_202' title='bbox 1124 1990 1179 2061; x_wconf 91' lang='lat' dir='ltr'>tv.</span> <span class='ocrx_word' id='word_1_203' title='bbox 1202 2012 1236 2073; x_wconf 82' lang='lat'>7.</span> <span class='ocrx_word' id='word_1_204' title='bbox 1263 2012 1303 2061; x_wconf 83' lang='lat' dir='ltr'>ex</span> <span class='ocrx_word' id='word_1_205' title='bbox 1355 1999 1446 2066; x_wconf 82' lang='lat' dir='ltr'>cete?</span> <span class='ocrx_word' id='word_1_206' title='bbox 1470 1998 1536 2065; x_wconf 88' lang='lat' dir='ltr'>Sie</span> <span class='ocrx_word' id='word_1_207' title='bbox 1564 1990 1672 2062; x_wconf 88' lang='lat' dir='ltr'>entiali</span> <span class='ocrx_word' id='word_1_208' title='bbox 1685 1992 1748 2061; x_wconf 84' lang='lat' dir='ltr'>Dei</span> <span class='ocrx_word' id='word_1_209' title='bbox 1765 1982 1881 2060; x_wconf 89' lang='lat' dir='ltr'>iustitia</span> <span class='ocrx_word' id='word_1_210' title='bbox 1901 1986 2014 2062; x_wconf 82' lang='lat' dir='ltr'>sumus</span> <span class='ocrx_word' id='word_1_211' title='bbox 2030 1986 2126 2066; x_wconf 84' lang='lat' dir='ltr'>iusti,</span> <span class='ocrx_word' id='word_1_212' title='bbox 2143 2014 2225 2063; x_wconf 85' lang='lat' dir='ltr'>con·</span> 
     </span>
     <span class='ocr_line' id='line_1_18' title="bbox 427 2012 2225 2187; baseline -0.002 -22"><span class='ocrx_word' id='word_1_213' title='bbox 427 2086 542 2165; x_wconf 83' lang='lat' dir='ltr'>Psalm.</span> <span class='ocrx_word' id='word_1_214' title='bbox 563 2088 689 2175; x_wconf 79' lang='lat' dir='ltr'>xxxii.</span> <span class='ocrx_word' id='word_1_215' title='bbox 720 2108 747 2155; x_wconf 92' lang='lat' dir='ltr'>t.</span> <span class='ocrx_word' id='word_1_216' title='bbox 767 2012 909 2157; x_wconf 86' lang='lat' dir='ltr'>consillit</span> <span class='ocrx_word' id='word_1_217' title='bbox 933 2090 966 2158; x_wconf 93' lang='lat' dir='ltr'>in</span> <span class='ocrx_word' id='word_1_218' title='bbox 987 2084 1170 2159; x_wconf 79' lang='lat' dir='ltr'>remissione</span> <span class='ocrx_word' id='word_1_219' title='bbox 1193 2110 1303 2181; x_wconf 86' lang='lat' dir='ltr'>pecca·</span> <span class='ocrx_word' id='word_1_220' title='bbox 1354 2086 1488 2187; x_wconf 83' lang='lat' dir='ltr'>sequens</span> <span class='ocrx_word' id='word_1_221' title='bbox 1503 2092 1585 2170; x_wconf 87' lang='lat' dir='ltr'>etit,</span> <span class='ocrx_word' id='word_1_222' title='bbox 1608 2082 1771 2158; x_wconf 90' lang='lat' dir='ltr'>Christum</span> <span class='ocrx_word' id='word_1_223' title='bbox 1787 2080 1853 2156; x_wconf 89' lang='lat' dir='ltr'>sola</span> <span class='ocrx_word' id='word_1_224' title='bbox 1869 2080 1922 2154; x_wconf 88' lang='lat' dir='ltr'>sua</span> <span class='ocrx_word' id='word_1_225' title='bbox 1943 2078 2141 2181; x_wconf 82' lang='lat' dir='ltr'>divinitate,·</span> <span class='ocrx_word' id='word_1_226' title='bbox 2157 2112 2225 2161; x_wconf 90' lang='lat' dir='ltr'>non</span> 
     </span>
     <span class='ocr_line' id='line_1_19' title="bbox 429 2179 2226 2278; baseline -0.003 -16"><span class='ocrx_word' id='word_1_227' title='bbox 429 2212 552 2261; x_wconf 86' lang='lat' dir='ltr'>totum.</span> <span class='ocrx_word' id='word_1_228' title='bbox 601 2189 700 2278; x_wconf 80' lang='lat' dir='ltr'>Atqui</span> <span class='ocrx_word' id='word_1_229' title='bbox 716 2184 774 2256; x_wconf 92' lang='lat' dir='ltr'>ubi</span> <span class='ocrx_word' id='word_1_230' title='bbox 792 2183 837 2254; x_wconf 85' lang='lat' dir='ltr'>esi</span> <span class='ocrx_word' id='word_1_231' title='bbox 851 2179 1014 2256; x_wconf 82' lang='lat' dir='ltr'>essentialis</span> <span class='ocrx_word' id='word_1_232' title='bbox 1028 2189 1092 2257; x_wconf 84' lang='lat' dir='ltr'>Dei</span> <span class='ocrx_word' id='word_1_233' title='bbox 1113 2182 1163 2254; x_wconf 87' lang='lat' dir='ltr'>vel</span> <span class='ocrx_word' id='word_1_234' title='bbox 1181 2183 1301 2255; x_wconf 83' lang='lat' dir='ltr'>Christi</span> <span class='ocrx_word' id='word_1_235' title='bbox 1356 2194 1451 2260; x_wconf 90' lang='lat' dir='ltr'>etiatn</span> <span class='ocrx_word' id='word_1_236' title='bbox 1465 2187 1662 2257; x_wconf 86' lang='lat' dir='ltr'>humanitate</span> <span class='ocrx_word' id='word_1_237' title='bbox 1673 2182 1733 2255; x_wconf 91' lang='lat' dir='ltr'>esse</span> <span class='ocrx_word' id='word_1_238' title='bbox 1746 2180 1885 2255; x_wconf 88' lang='lat' dir='ltr'>nostram</span> <span class='ocrx_word' id='word_1_239' title='bbox 1900 2181 2163 2264; x_wconf 85' lang='lat' dir='ltr'>iustitiatn,cutn</span> <span class='ocrx_word' id='word_1_240' title='bbox 2179 2208 2226 2274; x_wconf 75' lang='lat' dir='ltr'>ta·</span> 
     </span>
     <span class='ocr_line' id='line_1_20' title="bbox 337 2280 2250 2383; baseline -0.002 -25"><span class='ocrx_word' id='word_1_241' title='bbox 337 2318 340 2323; x_wconf 94' lang='lat'>·</span> <span class='ocrx_word' id='word_1_242' title='bbox 429 2282 545 2383; x_wconf 81' lang='lat' dir='ltr'>jusiitia</span> <span class='ocrx_word' id='word_1_243' title='bbox 566 2282 769 2362; x_wconf 79' lang='lat' dir='ltr'>inhabitant,</span> <span class='ocrx_word' id='word_1_244' title='bbox 794 2282 838 2351; x_wconf 92' lang='lat' dir='ltr'>ibi</span> <span class='ocrx_word' id='word_1_245' title='bbox 852 2306 921 2351; x_wconf 91' lang='lat' dir='ltr'>nort</span> <span class='ocrx_word' id='word_1_246' title='bbox 934 2307 1015 2382; x_wconf 80' lang='lat' dir='ltr'>opus</span> <span class='ocrx_word' id='word_1_247' title='bbox 1034 2286 1078 2355; x_wconf 87' lang='lat' dir='ltr'>est</span> <span class='ocrx_word' id='word_1_248' title='bbox 1116 2298 1302 2353; x_wconf 86' lang='lat' dir='ltr'>eccatorum</span> <span class='ocrx_word' id='word_1_249' title='bbox 1355 2311 1431 2356; x_wconf 89' lang='lat' dir='ltr'>men</span> <span class='ocrx_word' id='word_1_250' title='bbox 1445 2280 1589 2359; x_wconf 83' lang='lat' dir='ltr'>Christus</span> <span class='ocrx_word' id='word_1_251' title='bbox 1606 2282 1765 2353; x_wconf 86' lang='lat' dir='ltr'>mediator</span> <span class='ocrx_word' id='word_1_252' title='bbox 1784 2280 1910 2353; x_wconf 88' lang='lat' dir='ltr'>dicatur</span> <span class='ocrx_word' id='word_1_253' title='bbox 1932 2284 2024 2355; x_wconf 81' lang='lat' dir='ltr'>nobit</span> <span class='ocrx_word' id='word_1_254' title='bbox 2046 2307 2064 2351; x_wconf 85' lang='lat' dir='ltr'>a</span> <span class='ocrx_word' id='word_1_255' title='bbox 2086 2286 2166 2357; x_wconf 85' lang='lat' dir='ltr'>Deo</span> <span class='ocrx_word' id='word_1_256' title='bbox 2179 2282 2250 2355; x_wconf 81' lang='lat' dir='ltr'>sa-&#39;</span> 
     </span>
     <span class='ocr_line' id='line_1_21' title="bbox 292 2376 2226 2475; baseline -0.001 -21"><span class='ocrx_word' id='word_1_257' title='bbox 292 2381 297 2391; x_wconf 76' lang='grc'><em>“</em></span> <span class='ocrx_word' id='word_1_258' title='bbox 428 2379 623 2459; x_wconf 75' lang='lat' dir='ltr'>remissione.</span> <span class='ocrx_word' id='word_1_259' title='bbox 676 2404 708 2454; x_wconf 86' lang='lat' dir='ltr'>a.</span> <span class='ocrx_word' id='word_1_260' title='bbox 724 2384 739 2473; x_wconf 83' lang='lat'>)</span> <span class='ocrx_word' id='word_1_261' title='bbox 757 2382 919 2475; x_wconf 87' lang='lat' dir='ltr'>Scriptura</span> <span class='ocrx_word' id='word_1_262' title='bbox 935 2380 1075 2471; x_wconf 81' lang='lat' dir='ltr'>docetju</span> <span class='ocrx_word' id='word_1_263' title='bbox 1104 2378 1303 2451; x_wconf 85' lang='lat' dir='ltr'>ificationem</span> <span class='ocrx_word' id='word_1_264' title='bbox 1354 2380 1424 2454; x_wconf 78' lang='lat' dir='ltr'>etus</span> <span class='ocrx_word' id='word_1_265' title='bbox 1441 2378 1556 2452; x_wconf 88' lang='lat' dir='ltr'>iustitia</span> <span class='ocrx_word' id='word_1_266' title='bbox 1573 2382 1654 2453; x_wconf 75' lang='grc' dir='ltr'>διε.Ι</span> <span class='ocrx_word' id='word_1_267' title='bbox 1685 2378 1752 2465; x_wconf 82' lang='lat'>7.)</span> <span class='ocrx_word' id='word_1_268' title='bbox 1778 2376 1924 2449; x_wconf 88' lang='lat' dir='ltr'>Gratiosa</span> <span class='ocrx_word' id='word_1_269' title='bbox 1950 2382 2012 2451; x_wconf 91' lang='lat' dir='ltr'>Dei</span> <span class='ocrx_word' id='word_1_270' title='bbox 2034 2380 2226 2455; x_wconf 89' lang='lat' dir='ltr'>inhabitatio</span> 
     </span>
     <span class='ocr_line' id='line_1_22' title="bbox 429 2474 2227 2577; baseline -0.003 -20"><span class='ocrx_word' id='word_1_271' title='bbox 429 2479 596 2557; x_wconf 77' lang='lat' dir='ltr'>consistere</span> <span class='ocrx_word' id='word_1_272' title='bbox 615 2481 648 2546; x_wconf 92' lang='lat' dir='ltr'>in</span> <span class='ocrx_word' id='word_1_273' title='bbox 669 2480 879 2576; x_wconf 87' lang='lat' dir='ltr'>imputatione</span> <span class='ocrx_word' id='word_1_274' title='bbox 894 2478 1017 2569; x_wconf 70' lang='lat' dir='ltr'>jutitia</span> <span class='ocrx_word' id='word_1_275' title='bbox 1028 2475 1092 2550; x_wconf 83' lang='lat' dir='ltr'>save</span> <span class='ocrx_word' id='word_1_276' title='bbox 1113 2474 1304 2553; x_wconf 75' lang='lat' dir='ltr'>obedientia</span> <span class='ocrx_word' id='word_1_277' title='bbox 1356 2474 1400 2551; x_wconf 93' lang='lat' dir='ltr'>est</span> <span class='ocrx_word' id='word_1_278' title='bbox 1425 2476 1621 2577; x_wconf 83' lang='lat' dir='ltr'>consequens</span> <span class='ocrx_word' id='word_1_279' title='bbox 1649 2475 1888 2547; x_wconf 60' lang='lat' dir='ltr'>iustificationis</span> <span class='ocrx_word' id='word_1_280' title='bbox 1947 2480 2038 2575; x_wconf 81' lang='lat' dir='ltr'>Ergo</span> <span class='ocrx_word' id='word_1_281' title='bbox 2060 2502 2129 2549; x_wconf 86' lang='lat' dir='ltr'>nou</span> <span class='ocrx_word' id='word_1_282' title='bbox 2160 2478 2227 2577; x_wconf 69' lang='lat' dir='ltr'>ipsi</span> 
     </span>
     <span class='ocr_line' id='line_1_23' title="bbox 435 2572 2227 2675; baseline 0.002 -28"><span class='ocrx_word' id='word_1_283' title='bbox 435 2582 543 2657; x_wconf 84' lang='lat' dir='ltr'>illins,</span> <span class='ocrx_word' id='word_1_284' title='bbox 559 2600 657 2675; x_wconf 85' lang='lat' dir='ltr'>quam</span> <span class='ocrx_word' id='word_1_285' title='bbox 674 2577 823 2651; x_wconf 82' lang='lat' dir='ltr'>Christus</span> <span class='ocrx_word' id='word_1_286' title='bbox 838 2574 1004 2647; x_wconf 86' lang='lat' dir='ltr'>mediator</span> <span class='ocrx_word' id='word_1_287' title='bbox 1020 2575 1119 2647; x_wconf 89' lang='lat' dir='ltr'>noslti</span> <span class='ocrx_word' id='word_1_288' title='bbox 1137 2574 1211 2647; x_wconf 87' lang='lat' dir='ltr'>loco</span> <span class='ocrx_word' id='word_1_289' title='bbox 1225 2598 1304 2672; x_wconf 86' lang='lat' dir='ltr'>prat·</span> <span class='ocrx_word' id='word_1_290' title='bbox 1354 2572 1473 2648; x_wconf 89' lang='lat' dir='ltr'>forma.</span> <span class='ocrx_word' id='word_1_291' title='bbox 1508 2576 1713 2651; x_wconf 85' lang='lat' dir='ltr'>Antecedcns</span> <span class='ocrx_word' id='word_1_292' title='bbox 1737 2590 1840 2668; x_wconf 88' lang='lat' dir='ltr'>patet,</span> <span class='ocrx_word' id='word_1_293' title='bbox 1866 2577 1940 2672; x_wconf 90' lang='lat' dir='ltr'>quia</span> <span class='ocrx_word' id='word_1_294' title='bbox 1966 2600 2099 2671; x_wconf 85' lang='lat' dir='ltr'>oportet</span> <span class='ocrx_word' id='word_1_295' title='bbox 2120 2574 2227 2674; x_wconf 84' lang='lat' dir='ltr'>perso·</span> 
     </span>
     <span class='ocr_line' id='line_1_24' title="bbox 429 2667 2227 2773; baseline -0.002 -22"><span class='ocrx_word' id='word_1_296' title='bbox 429 2678 526 2759; x_wconf 87' lang='lat' dir='ltr'>slitit,</span> <span class='ocrx_word' id='word_1_297' title='bbox 552 2697 585 2746; x_wconf 92' lang='lat' dir='ltr'>ut</span> <span class='ocrx_word' id='word_1_298' title='bbox 603 2669 689 2744; x_wconf 88' lang='lat' dir='ltr'>infra</span> <span class='ocrx_word' id='word_1_299' title='bbox 705 2670 910 2746; x_wconf 82' lang='lat' dir='ltr'>docebimus.</span> <span class='ocrx_word' id='word_1_300' title='bbox 940 2680 1034 2771; x_wconf 71' lang='lat' dir='ltr'>Ergo</span> <span class='ocrx_word' id='word_1_301' title='bbox 1049 2667 1143 2744; x_wconf 87' lang='lat' dir='ltr'>causa</span> <span class='ocrx_word' id='word_1_302' title='bbox 1158 2669 1304 2744; x_wconf 82' lang='lat' dir='ltr'>formalis</span> <span class='ocrx_word' id='word_1_303' title='bbox 1348 2670 1429 2745; x_wconf 57' lang='lat' dir='ltr'>&#39;nam</span> <span class='ocrx_word' id='word_1_304' title='bbox 1447 2676 1533 2771; x_wconf 89' lang='lat' dir='ltr'>prius</span> <span class='ocrx_word' id='word_1_305' title='bbox 1541 2668 1842 2745; x_wconf 83' lang='lat' dir='ltr'>¹Deu&#39;reconciliari</span> <span class='ocrx_word' id='word_1_306' title='bbox 1857 2680 1891 2743; x_wconf 73' lang='grc' dir='ltr'>δι</span> <span class='ocrx_word' id='word_1_307' title='bbox 1905 2692 2055 2767; x_wconf 89' lang='lat' dir='ltr'>peccata,-</span> <span class='ocrx_word' id='word_1_308' title='bbox 2080 2700 2153 2773; x_wconf 82' lang='lat' dir='ltr'>quae</span> <span class='ocrx_word' id='word_1_309' title='bbox 2167 2698 2227 2747; x_wconf 86' lang='lat' dir='ltr'>not</span> 
     </span>
     <span class='ocr_line' id='line_1_25' title="bbox 430 2766 2266 2873; baseline -0.001 -26"><span class='ocrx_word' id='word_1_310' title='bbox 430 2774 663 2873; x_wconf 82' lang='lat' dir='ltr'>justificationis</span> <span class='ocrx_word' id='word_1_311' title='bbox 684 2798 751 2842; x_wconf 91' lang='lat' dir='ltr'>non</span> <span class='ocrx_word' id='word_1_312' title='bbox 775 2770 819 2840; x_wconf 85' lang='lat' dir='ltr'>esi</span> <span class='ocrx_word' id='word_1_313' title='bbox 840 2766 1006 2842; x_wconf 79' lang='lat' dir='ltr'>esseutialis</span> <span class='ocrx_word' id='word_1_314' title='bbox 1027 2776 1090 2845; x_wconf 86' lang='lat' dir='ltr'>Dei</span> <span class='ocrx_word' id='word_1_315' title='bbox 1115 2770 1165 2841; x_wconf 85' lang='lat' dir='ltr'>vel</span> <span class='ocrx_word' id='word_1_316' title='bbox 1184 2766 1304 2849; x_wconf 81' lang='lat' dir='ltr'>Chtilli</span> <span class='ocrx_word' id='word_1_317' title='bbox 1352 2772 1427 2863; x_wconf 82' lang='lat' dir='ltr'>elem</span> <span class='ocrx_word' id='word_1_318' title='bbox 1452 2777 1583 2868; x_wconf 88' lang='lat' dir='ltr'>inquant</span> <span class='ocrx_word' id='word_1_319' title='bbox 1601 2798 1618 2841; x_wconf 88' lang='lat' dir='ltr'>a</span> <span class='ocrx_word' id='word_1_320' title='bbox 1636 2772 1732 2846; x_wconf 83' lang='lat' dir='ltr'>Deo,</span> <span class='ocrx_word' id='word_1_321' title='bbox 1757 2773 1902 2847; x_wconf 88' lang='lat' dir='ltr'>remitti,</span> <span class='ocrx_word' id='word_1_322' title='bbox 1930 2795 2103 2872; x_wconf 84' lang='lat' dir='ltr'>antequam</span> <span class='ocrx_word' id='word_1_323' title='bbox 2120 2776 2225 2845; x_wconf 83' lang='lat' dir='ltr'>homo</span> <span class='ocrx_word' id='word_1_324' title='bbox 2264 2786 2266 2791; x_wconf 85' lang='lat'>&#39;</span> 
     </span>
     <span class='ocr_line' id='line_1_26' title="bbox 431 2798 1948 2969; baseline -0.003 -26"><span class='ocrx_word' id='word_1_325' title='bbox 431 2872 547 2967; x_wconf 81' lang='lat' dir='ltr'>jusiitia</span> <span class='ocrx_word' id='word_1_326' title='bbox 574 2873 607 2938; x_wconf 89' lang='lat' dir='ltr'>in</span> <span class='ocrx_word' id='word_1_327' title='bbox 634 2869 728 2939; x_wconf 84' lang='lat' dir='ltr'>nobis</span> <span class='ocrx_word' id='word_1_328' title='bbox 757 2867 914 2939; x_wconf 85' lang='lat' dir='ltr'>habitans.</span> <span class='ocrx_word' id='word_1_329' title='bbox 966 2891 996 2944; x_wconf 80' lang='lat'>3.</span> <span class='ocrx_word' id='word_1_330' title='bbox 1021 2870 1038 2958; x_wconf 90' lang='lat'><em>)</em></span> <span class='ocrx_word' id='word_1_331' title='bbox 1065 2868 1228 2969; x_wconf 75' lang='lat' dir='ltr'>Quicquid</span> <span class='ocrx_word' id='word_1_332' title='bbox 1259 2868 1304 2938; x_wconf 80' lang='lat' dir='ltr'>est</span> <span class='ocrx_word' id='word_1_333' title='bbox 1353 2798 1854 2964; x_wconf 77' lang='lat' dir='ltr'>bardomicilitun&amp;templum</span> <span class='ocrx_word' id='word_1_334' title='bbox 1877 2873 1948 2940; x_wconf 88' lang='lat' dir='ltr'>Dei.</span> 
     </span>
     <span class='ocr_line' id='line_1_27' title="bbox 430 2960 2210 3068; baseline -0.004 -28"><span class='ocrx_word' id='word_1_335' title='bbox 430 2974 514 3068; x_wconf 84' lang='lat' dir='ltr'>ignis</span> <span class='ocrx_word' id='word_1_336' title='bbox 546 2962 769 3043; x_wconf 82' lang='lat' dir='ltr'>consumens,</span> <span class='ocrx_word' id='word_1_337' title='bbox 806 2990 845 3035; x_wconf 86' lang='lat' dir='ltr'>eo</span> <span class='ocrx_word' id='word_1_338' title='bbox 878 2990 947 3036; x_wconf 91' lang='lat' dir='ltr'>nnn</span> <span class='ocrx_word' id='word_1_339' title='bbox 978 2963 1087 3037; x_wconf 78' lang='lat' dir='ltr'>sumus</span> <span class='ocrx_word' id='word_1_340' title='bbox 1118 2960 1305 3037; x_wconf 84' lang='lat' dir='ltr'>formaliter</span> <span class='ocrx_word' id='word_1_341' title='bbox 1376 3028 1381 3037; x_wconf 87' lang='lat'><em>.</em></span> <span class='ocrx_word' id='word_1_342' title='bbox 1477 3028 1481 3033; x_wconf 92' lang='lat'>.</span> <span class='ocrx_word' id='word_1_343' title='bbox 1578 2976 1593 2991; x_wconf 88' lang='lat'>·&#39;</span> <span class='ocrx_word' id='word_1_344' title='bbox 1966 2996 1970 3025; x_wconf 92' lang='lat'>:</span> <span class='ocrx_word' id='word_1_345' title='bbox 2208 3004 2210 3009; x_wconf 95' lang='lat'>·</span> 
     </span>
     <span class='ocr_line' id='line_1_28' title="bbox 431 3058 2229 3220; baseline -0.003 -81"><span class='ocrx_word' id='word_1_346' title='bbox 431 3067 527 3163; x_wconf 83' lang='lat' dir='ltr'>julli:</span> <span class='ocrx_word' id='word_1_347' title='bbox 551 3069 668 3164; x_wconf 81' lang='lat' dir='ltr'>,Atqui</span> <span class='ocrx_word' id='word_1_348' title='bbox 702 3067 818 3157; x_wconf 85' lang='lat' dir='ltr'>justitia</span> <span class='ocrx_word' id='word_1_349' title='bbox 844 3066 911 3139; x_wconf 88' lang='lat' dir='ltr'>Dei</span> <span class='ocrx_word' id='word_1_350' title='bbox 942 3058 1107 3135; x_wconf 85' lang='lat' dir='ltr'>essentialis</span> <span class='ocrx_word' id='word_1_351' title='bbox 1143 3065 1188 3132; x_wconf 86' lang='lat' dir='ltr'>esl</span> <span class='ocrx_word' id='word_1_352' title='bbox 1217 3064 1303 3163; x_wconf 82' lang='lat' dir='ltr'>ignis</span> <span class='ocrx_word' id='word_1_353' title='bbox 1399 3062 1436 3164; x_wconf 71' lang='lat'>§-</span> <span class='ocrx_word' id='word_1_354' title='bbox 1462 3062 1642 3141; x_wconf 87' lang='lat' dir='ltr'><strong>CXCVII.</strong></span> <span class='ocrx_word' id='word_1_355' title='bbox 1675 3058 1774 3159; x_wconf 81' lang='lat' dir='ltr'>Qud</span> <span class='ocrx_word' id='word_1_356' title='bbox 1796 3063 1839 3135; x_wconf 86' lang='lat' dir='ltr'>ad</span> <span class='ocrx_word' id='word_1_357' title='bbox 1864 3066 1955 3163; x_wconf 88' lang='lat' dir='ltr'>quin·</span> <span class='ocrx_word' id='word_1_358' title='bbox 2000 3064 2047 3125; x_wconf 74' lang='lat' dir='ltr'>An</span> <span class='ocrx_word' id='word_1_359' title='bbox 2069 3058 2229 3220; x_wconf 49' lang='grc' dir='ltr'>ὰρὶθξβ</span> 
     </span>
     <span class='ocr_line' id='line_1_29' title="bbox 310 3144 2212 3261; baseline -0.005 -23"><span class='ocrx_word' id='word_1_360' title='bbox 310 3178 312 3183; x_wconf 87' lang='grc'><strong>’</strong></span> <span class='ocrx_word' id='word_1_361' title='bbox 419 3161 633 3237; x_wconf 67' lang='grc' dir='ltr'>ΙΙεοιιῇιιικπις.</span> <span class='ocrx_word' id='word_1_362' title='bbox 689 3166 779 3261; x_wconf 88' lang='lat' dir='ltr'>Ergo</span> <span class='ocrx_word' id='word_1_363' title='bbox 815 3160 931 3251; x_wconf 86' lang='lat' dir='ltr'>jusiitia</span> <span class='ocrx_word' id='word_1_364' title='bbox 960 3164 1022 3234; x_wconf 91' lang='lat' dir='ltr'>Dei</span> <span class='ocrx_word' id='word_1_365' title='bbox 1056 3156 1209 3231; x_wconf 85' lang='lat' dir='ltr'>essentiali</span> <span class='ocrx_word' id='word_1_366' title='bbox 1235 3184 1303 3230; x_wconf 92' lang='lat' dir='ltr'>non</span> <span class='ocrx_word' id='word_1_367' title='bbox 1351 3178 1422 3232; x_wconf 79' lang='lat' dir='ltr'>tam·</span> <span class='ocrx_word' id='word_1_368' title='bbox 1450 3170 1638 3260; x_wconf 86' lang='lat' dir='ltr'>opinionem</span> <span class='ocrx_word' id='word_1_369' title='bbox 1659 3165 1772 3231; x_wconf 90' lang='lat' dir='ltr'>attinet</span> <span class='ocrx_word' id='word_1_370' title='bbox 1790 3194 1809 3237; x_wconf 88' lang='lat'>,·</span> <span class='ocrx_word' id='word_1_371' title='bbox 1829 3158 1970 3231; x_wconf 74' lang='lat' dir='ltr'>forma..</span> <span class='ocrx_word' id='word_1_372' title='bbox 1993 3144 2168 3235; x_wconf 63' lang='lat' dir='ltr'>sl’ll&#39;J&#39;st‘</span> <span class='ocrx_word' id='word_1_373' title='bbox 2182 3224 2212 3237; x_wconf 82' lang='grc'>,,</span> 
     </span>
     <span class='ocr_line' id='line_1_30' title="bbox 431 3221 2228 3379; baseline -0.006 -43"><span class='ocrx_word' id='word_1_374' title='bbox 431 3260 543 3336; x_wconf 83' lang='lat' dir='ltr'>sumus</span> <span class='ocrx_word' id='word_1_375' title='bbox 563 3259 745 3333; x_wconf 88' lang='lat' dir='ltr'>formaliter</span> <span class='ocrx_word' id='word_1_376' title='bbox 768 3256 852 3355; x_wconf 82' lang='lat' dir='ltr'>julli.</span> <span class='ocrx_word' id='word_1_377' title='bbox 903 3258 962 3347; x_wconf 80' lang='grc'>4.)</span> <span class='ocrx_word' id='word_1_378' title='bbox 986 3258 1133 3359; x_wconf 83' lang='lat' dir='ltr'>Juliitia,</span> <span class='ocrx_word' id='word_1_379' title='bbox 1157 3282 1219 3353; x_wconf 89' lang='lat' dir='ltr'>qua</span> <span class='ocrx_word' id='word_1_380' title='bbox 1245 3284 1302 3327; x_wconf 91' lang='lat' dir='ltr'>eo·</span> <span class='ocrx_word' id='word_1_381' title='bbox 1350 3258 1416 3331; x_wconf 88' lang='lat' dir='ltr'>letn</span> <span class='ocrx_word' id='word_1_382' title='bbox 1433 3260 1558 3331; x_wconf 88' lang='lat' dir='ltr'>eausam</span> <span class='ocrx_word' id='word_1_383' title='bbox 1571 3256 1801 3329; x_wconf 83' lang='lat' dir='ltr'>iustificationis</span> <span class='ocrx_word' id='word_1_384' title='bbox 1816 3254 1878 3327; x_wconf 87' lang='lat' dir='ltr'>esse</span> <span class='ocrx_word' id='word_1_385' title='bbox 1893 3258 1952 3328; x_wconf 90' lang='lat' dir='ltr'>du·</span> <span class='ocrx_word' id='word_1_386' title='bbox 2000 3221 2228 3379; x_wconf 42' lang='lat' dir='ltr'>&#39;&#39;m’ust&#39;ffiagf</span> 
     </span>
     <span class='ocr_line' id='line_1_31' title="bbox 434 3352 2188 3453; baseline -0.005 -20"><span class='ocrx_word' id='word_1_387' title='bbox 434 3388 505 3433; x_wconf 85' lang='lat' dir='ltr'>tarn</span> <span class='ocrx_word' id='word_1_388' title='bbox 527 3368 600 3433; x_wconf 87' lang='lat' dir='ltr'>Deo</span> <span class='ocrx_word' id='word_1_389' title='bbox 626 3358 731 3430; x_wconf 82' lang='lat' dir='ltr'>stimut</span> <span class='ocrx_word' id='word_1_390' title='bbox 756 3354 857 3434; x_wconf 89' lang='lat' dir='ltr'>iusli,</span> <span class='ocrx_word' id='word_1_391' title='bbox 888 3354 1048 3426; x_wconf 82' lang='lat' dir='ltr'>revelatur</span> <span class='ocrx_word' id='word_1_392' title='bbox 1072 3360 1104 3422; x_wconf 91' lang='lat' dir='ltr'>in</span> <span class='ocrx_word' id='word_1_393' title='bbox 1127 3352 1304 3451; x_wconf 84' lang='lat' dir='ltr'>evangelio.</span> <span class='ocrx_word' id='word_1_394' title='bbox 1348 3356 1489 3453; x_wconf 79' lang='lat' dir='ltr'>plicetn,</span> <span class='ocrx_word' id='word_1_395' title='bbox 1515 3354 1664 3427; x_wconf 85' lang='lat' dir='ltr'>iustitiam</span> <span class='ocrx_word' id='word_1_396' title='bbox 1679 3356 1771 3424; x_wconf 86' lang='lat' dir='ltr'>nobis</span> <span class='ocrx_word' id='word_1_397' title='bbox 1791 3359 1945 3426; x_wconf 82' lang='lat' dir='ltr'>inhaetcn·</span> <span class='ocrx_word' id='word_1_398' title='bbox 2028 3378 2188 3439; x_wconf 51' lang='lat' dir='ltr'>metm?</span> 
     </span>
     <span class='ocr_line' id='line_1_32' title="bbox 433 3442 2029 3551; baseline -0.006 -21"><span class='ocrx_word' id='word_1_399' title='bbox 433 3464 478 3530; x_wconf 78' lang='lat' dir='ltr'>ht</span> <span class='ocrx_word' id='word_1_400' title='bbox 495 3458 611 3527; x_wconf 84' lang='lat' dir='ltr'>inllitia</span> <span class='ocrx_word' id='word_1_401' title='bbox 632 3458 693 3525; x_wconf 92' lang='lat' dir='ltr'>Dei</span> <span class='ocrx_word' id='word_1_402' title='bbox 716 3446 883 3523; x_wconf 85' lang='lat' dir='ltr'>essentialis</span> <span class='ocrx_word' id='word_1_403' title='bbox 898 3457 1032 3547; x_wconf 88' lang='lat' dir='ltr'>proprie</span> <span class='ocrx_word' id='word_1_404' title='bbox 1050 3450 1214 3545; x_wconf 90' lang='lat' dir='ltr'>loquendo</span> <span class='ocrx_word' id='word_1_405' title='bbox 1234 3476 1301 3520; x_wconf 92' lang='lat' dir='ltr'>non</span> <span class='ocrx_word' id='word_1_406' title='bbox 1350 3478 1417 3525; x_wconf 93' lang='lat' dir='ltr'>tem</span> <span class='ocrx_word' id='word_1_407' title='bbox 1436 3462 1468 3525; x_wconf 78' lang='grc' dir='ltr'>ἀ</span> <span class='ocrx_word' id='word_1_408' title='bbox 1494 3450 1616 3527; x_wconf 89' lang='lat' dir='ltr'>Christi</span> <span class='ocrx_word' id='word_1_409' title='bbox 1639 3446 1789 3522; x_wconf 91' lang='lat' dir='ltr'>iustitiam</span> <span class='ocrx_word' id='word_1_410' title='bbox 1813 3460 1951 3551; x_wconf 86' lang='lat' dir='ltr'>imputa·</span> <span class='ocrx_word' id='word_1_411' title='bbox 2024 3442 2029 3453; x_wconf 44' lang='lat'><em>⁵</em></span> 
     </span>
     <span class='ocr_line' id='line_1_33' title="bbox 431 3548 2227 3647; baseline 0.001 -22"><span class='ocrx_word' id='word_1_412' title='bbox 431 3553 589 3627; x_wconf 85' lang='lat' dir='ltr'>revelatur</span> <span class='ocrx_word' id='word_1_413' title='bbox 607 3557 640 3621; x_wconf 91' lang='lat' dir='ltr'>in</span> <span class='ocrx_word' id='word_1_414' title='bbox 653 3548 843 3647; x_wconf 78' lang='lat' dir='ltr'>evangelio,</span> <span class='ocrx_word' id='word_1_415' title='bbox 857 3548 946 3645; x_wconf 89' lang='lat' dir='ltr'>quod</span> <span class='ocrx_word' id='word_1_416' title='bbox 965 3548 1010 3618; x_wconf 88' lang='lat' dir='ltr'>esi</span> <span class='ocrx_word' id='word_1_417' title='bbox 1027 3549 1128 3619; x_wconf 73' lang='lat' dir='ltr'>letum</span> <span class='ocrx_word' id='word_1_418' title='bbox 1144 3552 1300 3618; x_wconf 89' lang='lat' dir='ltr'>nuncium</span> <span class='ocrx_word' id='word_1_419' title='bbox 1351 3568 1440 3628; x_wconf 86' lang='lat' dir='ltr'>tam,</span> <span class='ocrx_word' id='word_1_420' title='bbox 1467 3580 1503 3626; x_wconf 87' lang='lat' dir='ltr'>ea</span> <span class='ocrx_word' id='word_1_421' title='bbox 1525 3550 1638 3623; x_wconf 89' lang='lat' dir='ltr'>itidem</span> <span class='ocrx_word' id='word_1_422' title='bbox 1660 3574 1726 3619; x_wconf 92' lang='lat' dir='ltr'>non</span> <span class='ocrx_word' id='word_1_423' title='bbox 1752 3548 1854 3647; x_wconf 87' lang='lat' dir='ltr'>potest</span> <span class='ocrx_word' id='word_1_424' title='bbox 1877 3550 1990 3621; x_wconf 83' lang='lat' dir='ltr'>nostris</span> <span class='ocrx_word' id='word_1_425' title='bbox 2003 3551 2146 3625; x_wconf 80' lang='lat' dir='ltr'>ecclehir</span> <span class='ocrx_word' id='word_1_426' title='bbox 2169 3556 2227 3627; x_wconf 90' lang='lat' dir='ltr'>tri·</span> 
     </span>
     <span class='ocr_line' id='line_1_34' title="bbox 432 3644 2227 3750; baseline -0.004 -27"><span class='ocrx_word' id='word_1_427' title='bbox 432 3652 474 3723; x_wconf 86' lang='lat' dir='ltr'>do</span> <span class='ocrx_word' id='word_1_428' title='bbox 502 3645 719 3721; x_wconf 84' lang='lat' dir='ltr'>misericordia</span> <span class='ocrx_word' id='word_1_429' title='bbox 746 3648 808 3719; x_wconf 85' lang='lat' dir='ltr'>Dei</span> <span class='ocrx_word' id='word_1_430' title='bbox 835 3652 867 3717; x_wconf 80' lang='lat' dir='ltr'>dt</span> <span class='ocrx_word' id='word_1_431' title='bbox 894 3644 1055 3718; x_wconf 78' lang='lat' dir='ltr'>beneficiis</span> <span class='ocrx_word' id='word_1_432' title='bbox 1081 3647 1228 3724; x_wconf 84' lang='lat' dir='ltr'>Christi,</span> <span class='ocrx_word' id='word_1_433' title='bbox 1252 3644 1303 3716; x_wconf 86' lang='lat' dir='ltr'>lex</span> <span class='ocrx_word' id='word_1_434' title='bbox 1351 3648 1416 3721; x_wconf 90' lang='lat' dir='ltr'>bni.</span> <span class='ocrx_word' id='word_1_435' title='bbox 1466 3650 1552 3750; x_wconf 81' lang='lat' dir='ltr'>Qtid</span> <span class='ocrx_word' id='word_1_436' title='bbox 1572 3652 1657 3721; x_wconf 90' lang='lat' dir='ltr'>enim</span> <span class='ocrx_word' id='word_1_437' title='bbox 1675 3651 1858 3747; x_wconf 80' lang='lat' dir='ltr'>nqbiscum</span> <span class='ocrx_word' id='word_1_438' title='bbox 1875 3650 1987 3747; x_wconf 82' lang='lat' dir='ltr'>Piggio</span> <span class='ocrx_word' id='word_1_439' title='bbox 2006 3654 2167 3723; x_wconf 75' lang='lat' dir='ltr'>Rotnanae</span> <span class='ocrx_word' id='word_1_440' title='bbox 2182 3653 2227 3725; x_wconf 77' lang='lat' dir='ltr'>se.</span> 
     </span>
     <span class='ocr_line' id='line_1_35' title="bbox 432 3738 2229 3849; baseline 0.001 -29"><span class='ocrx_word' id='word_1_441' title='bbox 432 3766 540 3821; x_wconf 88' lang='lat' dir='ltr'>autem</span> <span class='ocrx_word' id='word_1_442' title='bbox 556 3742 912 3846; x_wconf 77' lang='lat' dir='ltr'>ellspeculumiustitiae</span> <span class='ocrx_word' id='word_1_443' title='bbox 929 3745 1055 3819; x_wconf 81' lang='lat' dir='ltr'>divinae.</span> <span class='ocrx_word' id='word_1_444' title='bbox 1085 3750 1137 3836; x_wconf 87' lang='grc' dir='ltr'>ς.)</span> <span class='ocrx_word' id='word_1_445' title='bbox 1153 3738 1305 3819; x_wconf 82' lang='lat' dir='ltr'>Essentia-</span> <span class='ocrx_word' id='word_1_446' title='bbox 1350 3745 1600 3855; x_wconf 78' lang='lat' dir='ltr'>dispatrono?</span> <span class='ocrx_word' id='word_1_447' title='bbox 1637 3753 1761 3819; x_wconf 84' lang='lat' dir='ltr'>siucero</span> <span class='ocrx_word' id='word_1_448' title='bbox 1785 3746 1918 3843; x_wconf 84' lang='lat' dir='ltr'>quidem</span> <span class='ocrx_word' id='word_1_449' title='bbox 1950 3748 2083 3822; x_wconf 82' lang='lat' dir='ltr'>eandem</span> <span class='ocrx_word' id='word_1_450' title='bbox 2114 3744 2229 3823; x_wconf 86' lang='lat' dir='ltr'>tribuit</span> 
     </span>
    </p>
   </div>
   <div class='ocr_carea' id='block_1_3' title="bbox 2101 3848 2234 3923">
    <p class='ocr_par' dir='ltr' id='par_1_3' title="bbox 2101 3848 2234 3923">
     <span class='ocr_line' id='line_1_36' title="bbox 2101 3848 2234 3923; baseline -0.015 0"><span class='ocrx_word' id='word_1_451' title='bbox 2101 3848 2234 3923; x_wconf 73' lang='lat' dir='ltr'>ileliae--</span> 
     </span>
    </p>
   </div>
   <div class='ocr_carea' id='block_1_4' title="bbox 388 4018 2263 5131">
    <p class='ocr_par' dir='ltr' id='par_1_4' title="bbox 471 4018 2263 4341">
     <span class='ocr_line' id='line_1_37' title="bbox 471 4018 2263 4108; baseline 0.001 -26"><span class='ocrx_word' id='word_1_452' title='bbox 471 4020 539 4104; x_wconf 79' lang='lat'>(¹¹)</span> <span class='ocrx_word' id='word_1_453' title='bbox 563 4020 700 4082; x_wconf 81' lang='lat' dir='ltr'>Ohamlri</span> <span class='ocrx_word' id='word_1_454' title='bbox 726 4018 763 4079; x_wconf 83' lang='lat' dir='ltr'>do</span> <span class='ocrx_word' id='word_1_455' title='bbox 784 4020 841 4079; x_wconf 91' lang='lat' dir='ltr'>hoc</span> <span class='ocrx_word' id='word_1_456' title='bbox 865 4038 1042 4101; x_wconf 82' lang='lat' dir='ltr'>argumento</span> <span class='ocrx_word' id='word_1_457' title='bbox 1063 4020 1235 4081; x_wconf 84' lang='lat' dir='ltr'>sententiam</span> <span class='ocrx_word' id='word_1_458' title='bbox 1257 4040 1308 4082; x_wconf 73' lang='lat' dir='ltr'>co«</span> <span class='ocrx_word' id='word_1_459' title='bbox 1476 4025 1574 4089; x_wconf 87' lang='lat' dir='ltr'>nando</span> <span class='ocrx_word' id='word_1_460' title='bbox 1595 4022 1742 4085; x_wconf 79' lang='lat' dir='ltr'>Cochiaeut</span> <span class='ocrx_word' id='word_1_461' title='bbox 1760 4023 1884 4090; x_wconf 61' lang='lat' dir='ltr'>sarmit,</span> <span class='ocrx_word' id='word_1_462' title='bbox 1904 4022 2085 4094; x_wconf 76' lang='lat' dir='ltr'>disesit&#39;ortem,</span> <span class='ocrx_word' id='word_1_463' title='bbox 2108 4046 2163 4107; x_wconf 73' lang='lat' dir='ltr'>qua</span> <span class='ocrx_word' id='word_1_464' title='bbox 2174 4028 2228 4108; x_wconf 69' lang='lat' dir='ltr'>j..</span> <span class='ocrx_word' id='word_1_465' title='bbox 2261 4090 2263 4095; x_wconf 54' lang='grc'>,</span> 
     </span>
     <span class='ocr_line' id='line_1_38' title="bbox 531 4098 2227 4183; baseline 0.002 -21"><span class='ocrx_word' id='word_1_466' title='bbox 531 4102 612 4180; x_wconf 84' lang='lat' dir='ltr'>pinse</span> <span class='ocrx_word' id='word_1_467' title='bbox 632 4101 845 4159; x_wconf 77' lang='lat' dir='ltr'>recensebimus</span> <span class='ocrx_word' id='word_1_468' title='bbox 860 4139 871 4167; x_wconf 88' lang='lat'>,</span> <span class='ocrx_word' id='word_1_469' title='bbox 897 4098 1079 4180; x_wconf 77' lang='lat' dir='ltr'>eandemque</span> <span class='ocrx_word' id='word_1_470' title='bbox 1108 4100 1161 4159; x_wconf 92' lang='lat' dir='ltr'>sub</span> <span class='ocrx_word' id='word_1_471' title='bbox 1183 4118 1306 4161; x_wconf 80' lang='lat' dir='ltr'>ettamen</span> <span class='ocrx_word' id='word_1_472' title='bbox 1478 4104 1615 4183; x_wconf 67' lang='lat' dir='ltr'>ficantur,</span> <span class='ocrx_word' id='word_1_473' title='bbox 1636 4102 1684 4180; x_wconf 81' lang='lat' dir='ltr'>effe</span> <span class='ocrx_word' id='word_1_474' title='bbox 1699 4100 1785 4182; x_wconf 79' lang='lat' dir='ltr'>ipsam</span> <span class='ocrx_word' id='word_1_475' title='bbox 1803 4102 1912 4169; x_wconf 82' lang='lat' dir='ltr'>Deam,</span> <span class='ocrx_word' id='word_1_476' title='bbox 1924 4104 1957 4164; x_wconf 84' lang='lat'>&amp;</span> <span class='ocrx_word' id='word_1_477' title='bbox 1972 4102 2107 4165; x_wconf 78' lang='lat' dir='ltr'>Collettu</span> <span class='ocrx_word' id='word_1_478' title='bbox 2124 4109 2157 4168; x_wconf 92' lang='lat' dir='ltr'>in</span> <span class='ocrx_word' id='word_1_479' title='bbox 2175 4130 2227 4171; x_wconf 76' lang='lat' dir='ltr'>etr-</span> 
     </span>
     <span class='ocr_line' id='line_1_39' title="bbox 535 4178 2230 4269; baseline 0.006 -31"><span class='ocrx_word' id='word_1_480' title='bbox 535 4180 735 4257; x_wconf 82' lang='lat' dir='ltr'>thoologicum</span> <span class='ocrx_word' id='word_1_481' title='bbox 763 4181 935 4239; x_wconf 82' lang='lat' dir='ltr'>vocabimus</span> <span class='ocrx_word' id='word_1_482' title='bbox 957 4184 991 4241; x_wconf 89' lang='lat' dir='ltr'>in</span> <span class='ocrx_word' id='word_1_483' title='bbox 1017 4178 1137 4240; x_wconf 85' lang='lat' dir='ltr'>historia</span> <span class='ocrx_word' id='word_1_484' title='bbox 1158 4178 1309 4258; x_wconf 70' lang='lat' dir='ltr'>dogmatis</span> <span class='ocrx_word' id='word_1_485' title='bbox 1457 4185 1530 4245; x_wconf 86' lang='lat' dir='ltr'>thir.</span> <span class='ocrx_word' id='word_1_486' title='bbox 1552 4202 1577 4242; x_wconf 87' lang='lat' dir='ltr'>e.</span> <span class='ocrx_word' id='word_1_487' title='bbox 1599 4186 1628 4243; x_wconf 87' lang='grc'>6.</span> <span class='ocrx_word' id='word_1_488' title='bbox 1651 4186 1762 4260; x_wconf 77' lang='lat' dir='ltr'>p·264</span> <span class='ocrx_word' id='word_1_489' title='bbox 1779 4188 1879 4241; x_wconf 62' lang='lat' dir='ltr'>mitum</span> <span class='ocrx_word' id='word_1_490' title='bbox 1888 4180 2008 4261; x_wconf 75' lang='lat' dir='ltr'>justitia</span> <span class='ocrx_word' id='word_1_491' title='bbox 2030 4184 2105 4245; x_wconf 79' lang='lat' dir='ltr'>arabis</span> <span class='ocrx_word' id='word_1_492' title='bbox 2126 4188 2230 4269; x_wconf 81' lang='lat' dir='ltr'>t&#39;ttfase</span> 
     </span>
     <span class='ocr_line' id='line_1_40' title="bbox 537 4258 2228 4341; baseline 0.006 -23"><span class='ocrx_word' id='word_1_493' title='bbox 537 4260 574 4320; x_wconf 82' lang='lat' dir='ltr'>de</span> <span class='ocrx_word' id='word_1_494' title='bbox 587 4258 804 4331; x_wconf 83' lang='lat' dir='ltr'>justificatione.</span> <span class='ocrx_word' id='word_1_495' title='bbox 1455 4260 1538 4341; x_wconf 81' lang='lat' dir='ltr'>effeS</span> <span class='ocrx_word' id='word_1_496' title='bbox 1555 4267 1652 4321; x_wconf 78' lang='lat' dir='ltr'>iritum</span> <span class='ocrx_word' id='word_1_497' title='bbox 1664 4262 1808 4338; x_wconf 62' lang='lat' dir='ltr'>letitiam,</span> <span class='ocrx_word' id='word_1_498' title='bbox 1829 4262 1912 4341; x_wconf 89' lang='lat' dir='ltr'>quod</span> <span class='ocrx_word' id='word_1_499' title='bbox 1935 4258 2048 4321; x_wconf 83' lang='lat' dir='ltr'>sortasse</span> <span class='ocrx_word' id='word_1_500' title='bbox 2072 4282 2228 4329; x_wconf 69' lang='lat' dir='ltr'>mutuatus</span> 
     </span>
    </p>

    <p class='ocr_par' dir='ltr' id='par_1_5' title="bbox 475 4282 2249 4977">
     <span class='ocr_line' id='line_1_41' title="bbox 475 4282 2230 4427; baseline 0.003 -29"><span class='ocrx_word' id='word_1_501' title='bbox 475 4337 566 4424; x_wconf 82' lang='grc'>(**)</span> <span class='ocrx_word' id='word_1_502' title='bbox 584 4336 725 4419; x_wconf 81' lang='lat' dir='ltr'>Oliander</span> <span class='ocrx_word' id='word_1_503' title='bbox 740 4354 815 4397; x_wconf 83' lang='lat' dir='ltr'>cent.</span> <span class='ocrx_word' id='word_1_504' title='bbox 832 4336 910 4400; x_wconf 87' lang='lat' dir='ltr'><strong>XVI.</strong></span> <span class='ocrx_word' id='word_1_505' title='bbox 925 4334 991 4395; x_wconf 82' lang='lat' dir='ltr'>hisi.</span> <span class='ocrx_word' id='word_1_506' title='bbox 1007 4336 1075 4397; x_wconf 86' lang='lat' dir='ltr'>ecel.</span> <span class='ocrx_word' id='word_1_507' title='bbox 1090 4336 1158 4399; x_wconf 81' lang='lat' dir='ltr'>libr.</span> <span class='ocrx_word' id='word_1_508' title='bbox 1175 4334 1230 4396; x_wconf 85' lang='lat'>111.</span> <span class='ocrx_word' id='word_1_509' title='bbox 1240 4352 1265 4394; x_wconf 85' lang='lat' dir='ltr'>c.</span> <span class='ocrx_word' id='word_1_510' title='bbox 1278 4350 1306 4395; x_wconf 79' lang='lat' dir='ltr'>r.</span> <span class='ocrx_word' id='word_1_511' title='bbox 1434 4406 1437 4413; x_wconf 33' lang='grc' dir='ltr'>Ι</span> <span class='ocrx_word' id='word_1_512' title='bbox 1455 4341 1496 4403; x_wconf 77' lang='lat' dir='ltr'>ast</span> <span class='ocrx_word' id='word_1_513' title='bbox 1510 4282 1722 4405; x_wconf 77' lang='lat' dir='ltr'>alombardo‚</span> <span class='ocrx_word' id='word_1_514' title='bbox 1743 4342 1795 4419; x_wconf 88' lang='lat' dir='ltr'>qui</span> <span class='ocrx_word' id='word_1_515' title='bbox 1809 4341 1956 4399; x_wconf 87' lang='lat' dir='ltr'>caritatem</span> <span class='ocrx_word' id='word_1_516' title='bbox 1968 4344 1985 4405; x_wconf 88' lang='lat'>,&#39;</span> <span class='ocrx_word' id='word_1_517' title='bbox 1999 4359 2056 4419; x_wconf 88' lang='lat' dir='ltr'>qua</span> <span class='ocrx_word' id='word_1_518' title='bbox 2069 4342 2230 4427; x_wconf 67' lang='lat' dir='ltr'>diligimus</span> 
     </span>
     <span class='ocr_line' id='line_1_42' title="bbox 533 4412 2249 4503; baseline 0.002 -25"><span class='ocrx_word' id='word_1_519' title='bbox 533 4417 664 4499; x_wconf 81' lang='lat' dir='ltr'>parantia</span> <span class='ocrx_word' id='word_1_520' title='bbox 679 4437 809 4477; x_wconf 82' lang='lat' dir='ltr'>ettotam</span> <span class='ocrx_word' id='word_1_521' title='bbox 828 4420 1039 4493; x_wconf 83' lang='lat' dir='ltr'>interpretatur</span> <span class='ocrx_word' id='word_1_522' title='bbox 1056 4434 1111 4476; x_wconf 82' lang='lat' dir='ltr'>ttort</span> <span class='ocrx_word' id='word_1_523' title='bbox 1132 4412 1306 4496; x_wconf 76' lang='lat' dir='ltr'>dejasttfica-</span> <span class='ocrx_word' id='word_1_524' title='bbox 1371 4426 1376 4437; x_wconf 89' lang='grc'><strong>“</strong></span> <span class='ocrx_word' id='word_1_525' title='bbox 1456 4424 1555 4485; x_wconf 75' lang='lat' dir='ltr'>Deum</span> <span class='ocrx_word' id='word_1_526' title='bbox 1576 4422 1608 4483; x_wconf 74' lang='grc' dir='ltr'>δι</span> <span class='ocrx_word' id='word_1_527' title='bbox 1627 4420 1818 4496; x_wconf 79' lang='lat' dir='ltr'>proximum,</span> <span class='ocrx_word' id='word_1_528' title='bbox 1839 4437 1923 4479; x_wconf 85' lang='lat' dir='ltr'>vocat</span> <span class='ocrx_word' id='word_1_529' title='bbox 1949 4419 2086 4497; x_wconf 78' lang='lat' dir='ltr'>Spiritum</span> <span class='ocrx_word' id='word_1_530' title='bbox 2098 4421 2249 4503; x_wconf 67' lang='lat' dir='ltr'>faricium¹</span> 
     </span>
     <span class='ocr_line' id='line_1_43' title="bbox 532 4490 2230 4583; baseline 0.001 -25"><span class='ocrx_word' id='word_1_531' title='bbox 532 4504 606 4558; x_wconf 82' lang='lat' dir='ltr'>aiant</span> <span class='ocrx_word' id='word_1_532' title='bbox 623 4490 760 4575; x_wconf 56' lang='lat' dir='ltr'>ipsu-sed</span> <span class='ocrx_word' id='word_1_533' title='bbox 772 4498 805 4556; x_wconf 81' lang='lat' dir='ltr'>de</span> <span class='ocrx_word' id='word_1_534' title='bbox 817 4502 1006 4564; x_wconf 76' lang='lat' dir='ltr'>renovatione,</span> <span class='ocrx_word' id='word_1_535' title='bbox 1027 4495 1074 4555; x_wconf 78' lang='lat' dir='ltr'>stac</span> <span class='ocrx_word' id='word_1_536' title='bbox 1088 4496 1147 4573; x_wconf 64' lang='lat' dir='ltr'>qli,</span> <span class='ocrx_word' id='word_1_537' title='bbox 1167 4512 1221 4557; x_wconf 83' lang='lat' dir='ltr'>rtatt</span> <span class='ocrx_word' id='word_1_538' title='bbox 1233 4490 1312 4574; x_wconf 78' lang='lat' dir='ltr'>qttafi</span> <span class='ocrx_word' id='word_1_539' title='bbox 1415 4506 1417 4511; x_wconf 87' lang='lat'>&#39;</span> <span class='ocrx_word' id='word_1_540' title='bbox 1454 4500 1524 4561; x_wconf 86' lang='lat' dir='ltr'>libr.</span> <span class='ocrx_word' id='word_1_541' title='bbox 1540 4500 1564 4558; x_wconf 89' lang='lat'>1.</span> <span class='ocrx_word' id='word_1_542' title='bbox 1586 4497 1651 4557; x_wconf 85' lang='lat' dir='ltr'>disi.</span> <span class='ocrx_word' id='word_1_543' title='bbox 1670 4514 1718 4576; x_wconf 77' lang='grc' dir='ltr'>η.</span> <span class='ocrx_word' id='word_1_544' title='bbox 1739 4499 1766 4575; x_wconf 62' lang='lat' dir='ltr'>p.</span> <span class='ocrx_word' id='word_1_545' title='bbox 1787 4517 1816 4563; x_wconf 78' lang='lat'>2·</span> <span class='ocrx_word' id='word_1_546' title='bbox 1844 4498 1885 4556; x_wconf 85' lang='lat' dir='ltr'>Ex</span> <span class='ocrx_word' id='word_1_547' title='bbox 1908 4496 1953 4555; x_wconf 88' lang='lat' dir='ltr'>his</span> <span class='ocrx_word' id='word_1_548' title='bbox 1981 4496 2016 4557; x_wconf 88' lang='lat' dir='ltr'>stc</span> <span class='ocrx_word' id='word_1_549' title='bbox 2037 4520 2230 4583; x_wconf 74' lang='lat' dir='ltr'>argumenta-</span> 
     </span>
     <span class='ocr_line' id='line_1_44' title="bbox 525 4572 2229 4657; baseline 0.005 -23"><span class='ocrx_word' id='word_1_550' title='bbox 525 4574 670 4657; x_wconf 66' lang='lat' dir='ltr'>settssffet,</span> <span class='ocrx_word' id='word_1_551' title='bbox 690 4575 885 4639; x_wconf 79' lang='lat' dir='ltr'>itababt&#39;tantem</span> <span class='ocrx_word' id='word_1_552' title='bbox 910 4572 1068 4654; x_wconf 70' lang='lat' dir='ltr'>effertialtrt</span> <span class='ocrx_word' id='word_1_553' title='bbox 1088 4578 1146 4635; x_wconf 83' lang='lat' dir='ltr'>Dei</span> <span class='ocrx_word' id='word_1_554' title='bbox 1164 4575 1305 4653; x_wconf 74' lang='lat' dir='ltr'>jalh&#39;tiam</span> <span class='ocrx_word' id='word_1_555' title='bbox 1457 4598 1540 4639; x_wconf 87' lang='lat' dir='ltr'>mur:</span> <span class='ocrx_word' id='word_1_556' title='bbox 1561 4576 1673 4636; x_wconf 90' lang='lat' dir='ltr'>donum</span> <span class='ocrx_word' id='word_1_557' title='bbox 1694 4580 1813 4650; x_wconf 84' lang='lat' dir='ltr'>justitiae</span> <span class='ocrx_word' id='word_1_558' title='bbox 1837 4577 1923 4655; x_wconf 74' lang='lat' dir='ltr'>nobit</span> <span class='ocrx_word' id='word_1_559' title='bbox 1943 4574 2044 4638; x_wconf 83' lang='lat' dir='ltr'>infusae</span> <span class='ocrx_word' id='word_1_560' title='bbox 2068 4578 2108 4640; x_wconf 83' lang='lat' dir='ltr'>asi</span> <span class='ocrx_word' id='word_1_561' title='bbox 2129 4578 2229 4647; x_wconf 82' lang='lat' dir='ltr'>sorana</span> 
     </span>
     <span class='ocr_line' id='line_1_45' title="bbox 535 4650 2230 4811; baseline 0.002 -96"><span class='ocrx_word' id='word_1_562' title='bbox 535 4653 718 4811; x_wconf 47' lang='lat' dir='ltr'>appppteepqs&#39;qm</span> <span class='ocrx_word' id='word_1_563' title='bbox 731 4653 793 4807; x_wconf 49' lang='lat' dir='ltr'>lege</span> <span class='ocrx_word' id='word_1_564' title='bbox 801 4657 1030 4795; x_wconf 48' lang='lat' dir='ltr'>giwii?</span> <span class='ocrx_word' id='word_1_565' title='bbox 1064 4652 1123 4746; x_wconf 57' lang='lat' dir='ltr'>liei</span> <span class='ocrx_word' id='word_1_566' title='bbox 1150 4650 1307 4789; x_wconf 51' lang='lat' dir='ltr'>mppffls</span> <span class='ocrx_word' id='word_1_567' title='bbox 1455 4657 1675 4795; x_wconf 44' lang='lat' dir='ltr'>insigniis?</span> <span class='ocrx_word' id='word_1_568' title='bbox 1696 4657 1972 4794; x_wconf 50' lang='lat' dir='ltr'>nostrsa.&amp;Dotttqtn</span> <span class='ocrx_word' id='word_1_569' title='bbox 1996 4656 2116 4781; x_wconf 64' lang='lat' dir='ltr'>qulitia</span> <span class='ocrx_word' id='word_1_570' title='bbox 2138 4663 2230 4749; x_wconf 78' lang='lat' dir='ltr'>nobit</span> 
     </span>
     <span class='ocr_line' id='line_1_46' title="bbox 535 4740 2229 4901; baseline 0.001 -29"><span class='ocrx_word' id='word_1_571' title='bbox 535 4751 1239 4891; x_wconf 53' lang='lat' dir='ltr'>:i&#39;&#39;ti‚·n‚;‚„3ns?&#39;l&#39;dissiliat</span> <span class='ocrx_word' id='word_1_572' title='bbox 1252 4753 1307 4884; x_wconf 73' lang='lat' dir='ltr'>i&lt;-</span> <span class='ocrx_word' id='word_1_573' title='bbox 1454 4754 1520 4874; x_wconf 66' lang='lat' dir='ltr'>iis}</span> <span class='ocrx_word' id='word_1_574' title='bbox 1539 4814 1579 4873; x_wconf 55' lang='grc' dir='ltr'>..ι</span> <span class='ocrx_word' id='word_1_575' title='bbox 1599 4756 1821 4875; x_wconf 60' lang='lat' dir='ltr'>misistis</span> <span class='ocrx_word' id='word_1_576' title='bbox 1842 4740 2229 4901; x_wconf 42' lang='lat' dir='ltr'>sitiniiiitts&#39;it-st&#39;t</span> 
     </span>
     <span class='ocr_line' id='line_1_47' title="bbox 534 4888 2228 4977; baseline 0.008 -30"><span class='ocrx_word' id='word_1_577' title='bbox 534 4909 602 4955; x_wconf 73' lang='lat' dir='ltr'>aee,</span> <span class='ocrx_word' id='word_1_578' title='bbox 617 4888 731 4963; x_wconf 70' lang='lat' dir='ltr'>incest,</span> <span class='ocrx_word' id='word_1_579' title='bbox 748 4906 800 4966; x_wconf 79' lang='lat' dir='ltr'>per</span> <span class='ocrx_word' id='word_1_580' title='bbox 814 4890 951 4968; x_wconf 67' lang='lat' dir='ltr'>Spiritum</span> <span class='ocrx_word' id='word_1_581' title='bbox 965 4890 1089 4965; x_wconf 68' lang='lat' dir='ltr'>santiam</span> <span class='ocrx_word' id='word_1_582' title='bbox 1106 4906 1304 4961; x_wconf 66' lang='lat' dir='ltr'>renovant-tur,</span> <span class='ocrx_word' id='word_1_583' title='bbox 1380 4926 1383 4931; x_wconf 60' lang='lat'>&gt;</span> <span class='ocrx_word' id='word_1_584' title='bbox 1452 4890 1893 4973; x_wconf 68' lang='lat' dir='ltr'>ergossuiarminueqnonodo</span> <span class='ocrx_word' id='word_1_585' title='bbox 1912 4894 1963 4950; x_wconf 88' lang='lat' dir='ltr'>hbi</span> <span class='ocrx_word' id='word_1_586' title='bbox 1981 4897 2141 4957; x_wconf 83' lang='lat' dir='ltr'>conveniat</span> <span class='ocrx_word' id='word_1_587' title='bbox 2157 4920 2228 4977; x_wconf 86' lang='lat' dir='ltr'>cum</span> 
     </span>
    </p>

    <p class='ocr_par' dir='ltr' id='par_1_6' title="bbox 388 4964 2229 5131">
     <span class='ocr_line' id='line_1_48' title="bbox 388 4964 2229 5052; baseline 0.009 -30"><span class='ocrx_word' id='word_1_588' title='bbox 388 4990 391 4995; x_wconf 59' lang='grc'><em>’</em></span> <span class='ocrx_word' id='word_1_589' title='bbox 475 5044 478 5049; x_wconf 27' lang='grc' dir='ltr'>Ι</span> <span class='ocrx_word' id='word_1_590' title='bbox 537 4989 571 5029; x_wconf 76' lang='lat' dir='ltr'>ue</span> <span class='ocrx_word' id='word_1_591' title='bbox 581 4964 758 5045; x_wconf 83' lang='lat' dir='ltr'>jassevivere</span> <span class='ocrx_word' id='word_1_592' title='bbox 776 4972 918 5047; x_wconf 81' lang='lat' dir='ltr'>inciperet.</span> <span class='ocrx_word' id='word_1_593' title='bbox 958 4968 1096 5040; x_wconf 80' lang='lat' dir='ltr'>Viderint</span> <span class='ocrx_word' id='word_1_594' title='bbox 1108 4966 1304 5051; x_wconf 23' lang='lat' dir='ltr'>aurentUPon·</span> <span class='ocrx_word' id='word_1_595' title='bbox 1415 4964 1422 4985; x_wconf 77' lang='lat'>⁴</span> <span class='ocrx_word' id='word_1_596' title='bbox 1451 4968 1547 5039; x_wconf 87' lang='lat' dir='ltr'>so&#39;cio,</span> <span class='ocrx_word' id='word_1_597' title='bbox 1569 4992 1724 5052; x_wconf 84' lang='lat' dir='ltr'>atttequam</span> <span class='ocrx_word' id='word_1_598' title='bbox 1739 4969 1845 5029; x_wconf 73' lang='lat' dir='ltr'>resistet</span> <span class='ocrx_word' id='word_1_599' title='bbox 1861 4970 2037 5033; x_wconf 75' lang='lat' dir='ltr'>(iliandrutn</span> <span class='ocrx_word' id='word_1_600' title='bbox 2052 4974 2123 5037; x_wconf 81' lang='lat' dir='ltr'>libr·</span> <span class='ocrx_word' id='word_1_601' title='bbox 2138 4976 2229 5047; x_wconf 73' lang='lat' dir='ltr'>lhd&#39;a</span> 
     </span>
     <span class='ocr_line' id='line_1_49' title="bbox 534 5042 1977 5131; baseline 0.002 -24"><span class='ocrx_word' id='word_1_602' title='bbox 534 5047 635 5115; x_wconf 79' lang='lat' dir='ltr'>tifieii,</span> <span class='ocrx_word' id='word_1_603' title='bbox 655 5064 742 5128; x_wconf 83' lang='lat' dir='ltr'>quam</span> <span class='ocrx_word' id='word_1_604' title='bbox 753 5048 859 5127; x_wconf 85' lang='lat' dir='ltr'>ptotul</span> <span class='ocrx_word' id='word_1_605' title='bbox 876 5044 968 5109; x_wconf 82' lang='lat' dir='ltr'>abstttt</span> <span class='ocrx_word' id='word_1_606' title='bbox 983 5048 1019 5109; x_wconf 90' lang='lat' dir='ltr'>ab</span> <span class='ocrx_word' id='word_1_607' title='bbox 1031 5042 1248 5117; x_wconf 65' lang='lat' dir='ltr'>otmarum,</span> <span class='ocrx_word' id='word_1_608' title='bbox 1266 5064 1304 5109; x_wconf 82' lang='lat' dir='ltr'>tte</span> <span class='ocrx_word' id='word_1_609' title='bbox 1452 5048 1545 5123; x_wconf 81' lang='lat' dir='ltr'>justis.</span> <span class='ocrx_word' id='word_1_610' title='bbox 1558 5072 1619 5131; x_wconf 83' lang='lat' dir='ltr'>rap.</span> <span class='ocrx_word' id='word_1_611' title='bbox 1636 5056 1666 5121; x_wconf 79' lang='lat'>6.</span> <span class='ocrx_word' id='word_1_612' title='bbox 1709 5050 1911 5114; x_wconf 71' lang='lat' dir='ltr'>Gutt&#39;ttattn</span> <span class='ocrx_word' id='word_1_613' title='bbox 1922 5065 1977 5113; x_wconf 82' lang='lat' dir='ltr'>us.</span> 
     </span>
    </p>
   </div>
   <div class='ocr_carea' id='block_1_5' title="bbox 0 0 2459 5809">
    <p class='ocr_par' dir='ltr' id='par_1_7' title="bbox 0 0 2459 5809">
     <span class='ocr_line' id='line_1_50' title="bbox 0 0 2459 5809; baseline 0 0"><span class='ocrx_word' id='word_1_614' title='bbox 0 0 2459 5809; x_wconf 95' lang='lat' dir='ltr'> </span> 
     </span>
    </p>
   </div>
  </div>
 </body>
</html>
