4900 5809
276 429 280 438 ,
310 334 383 406 216
816 325 819 333 ·
868 337 870 342 ·
985 333 1114 409 auct
1137 336 1243 411 xrx.
1286 299 1519 411 cantu(

310 502 366 580 sed
382 506 624 587 etiam'eonfctt
647 520 682 589 ἀ
707 514 855 683 obsignat
870 537 946 590 uere
971 517 1188 601 credentibus.
1232 511 1352 616 ptismo
1366 517 1410 586 ait
1424 511 1588 587 Christus:
1599 513 1790 610 deprimit
1804 519 1839 589 in
1849 520 1977 589 nomine
1992 517 2122 607 Petris,

236 610 240 617 ’
309 605 570 683 S'ccitcumcifio
580 610 773 685 sacramenta
788 622 813 687 ia
825 642 892 687 non
904 612 1008 687 solum
1020 616 1189 714 fignificat,
1234 613 2117 712 Filii,dtSpiritosfitniii.Matth.XXVlIl.rnna-[2.

204 725 210 734 ’
312 701 363 777 sed
380 714 479 779 etiam
496 710 611 796 efficit,
633 711 770 810 adplicat
785 722 821 787 dc
833 711 977 811 obsignat
988 714 1052 786 fide
1073 717 1188 785 utenti·
1234 740 1287 785 cra
1303 738 1392 784 coena
1414 714 1527 783 itidem
1541 717 1583 779 ait
1597 712 1744 787 Christus
1759 716 1880 787 Mattb.
1903 714 2040 792 XXVI.
2060 724 2114 786 26,

312 802 369 877 bus
390 808 667 884 circumcisionem
698 807 903 907 spiritualem.
953 809 1132 908 Baptismus
1152 816 1199 880 in·
1234 812 1555 906 Arcipitt,rontedite
1566 837 1596 883 u.
1614 812 1862 910 27.Bibite&t.
1879 815 1931 883 Sic
1942 835 2025 909 ergo
2040 837 2116 883 con·

311 907 446 986 nominc
458 908 576 991 Patris,
590 908 708 989 Filii&
723 912 858 1007 Spiritus
871 906 969 980 sanor
980 909 1113 981 collatus
1120 932 1188 978 non
1234 911 1409 981 cludimus:
1424 907 1594 1010 Qtidquid
1603 910 1644 977 de
1668 909 1763 981 endec
1776 912 1817 980 ab
1827 909 2038 990 inslitutione,
2048 934 2115 980 uon

310 997 412 1071 solum
438 1000 615 1100 fignificat,
641 1003 694 1078 sed
721 1011 819 1079 etiam
848 1005 966 1084 efficit,
990 1006 1128 1102 adplicat
1153 1014 1189 1079 dc
1236 1007 1339 1107 potest
1349 996 1600 1083 essesubllantia,
1610 930 1895 1106 velquantinneel
1904 1008 2053 1104 qualitas,
2063 1004 2117 1079 sed

311 1098 458 1197 obfignat
488 1101 553 1173 fide·
576 1106 734 1176 utentibus
766 1098 953 1178 intirieretn
976 1105 1188 1176 ablutionem.
1235 1109 1279 1180 est
1288 1104 1338 1175 vel
1352 1106 1486 1181 relatio,
1501 1102 1551 1175 vel
1564 1105 1660 1175 attio.
1686 1113 1800 1179 Omne
1810 1102 2047 1182 sacramentum
2061 1103 2117 1175 de·

311 1197 475 1295 Analogia
486 1207 637 1294 partium
652 1199 837 1275 sacramenti
853 1208 935 1274 inter
946 1201 975 1274 se
992 1201 1037 1273 est
1051 1225 1190 1299 proper·
1234 1206 1351 1302 pendet
1368 1206 1408 1273 ab
1429 1204 1630 1272 institutione
1640 1224 1653 1282 ;
1680 1229 1760 1303 ergo
1780 1228 1847 1276 non
1869 1206 1915 1274 est
1929 1203 2116 1283 subllantia,

312 1298 362 1364 tio
376 1290 426 1366 seu
440 1300 538 1388 xiste
561 1299 711 1373 elementi
725 1306 848 1373 externi
864 1302 907 1372 ad
928 1325 996 1371 retn
1013 1298 1188 1371 coelellem:
1236 1302 1286 1372 vel
1307 1304 1485 1399 quantitas,
1513 1300 1564 1369 vel
1586 1297 1741 1396 qualitas,
1771 1297 1825 1371 sed
1847 1302 1897 1373 vel
1922 1302 2042 1374 relatio
2067 1300 2116 1371 vel

312 1389 381 1464 ltaec
397 1393 520 1467 diversa
545 1400 590 1469 est
617 1401 651 1467 in
679 1395 881 1474 sacramentis
908 1424 986 1471 nov.
1032 1422 1104 1468 uam
1126 1414 1189 1467 vet.
1235 1401 1329 1471 aliie.
1380 1399 1458 1467 Non
1473 1417 1579 1468 autem
1598 1398 1787 1476 estretatio,
1815 1399 1859 1474 fie
1877 1403 2053 1473 enimtota
2071 1421 2120 1468 ra·

312 1488 502 1577 taliamenti,
515 1494 698 1569 utsuoloco
713 1481 883 1596 inspeciali
905 1495 1052 1598 ippemp
1064 1495 1191 1565 uberius
1222 1487 1281 1568 'tio
1294 1514 1325 1565 at
1350 1521 1388 1566 ue
1413 1487 1544 1566 essentia
1569 1491 1755 1568 sacramenti
1778 1496 1965 1569 confinem
1987 1502 2024 1570 in
2046 1522 2119 1568 mu.

312 1586 598 1668 demonstrabitur.
652 1594 718 1690 3.)
745 1600 837 1694 Aqua
862 1591 1057 1691 baptismalis
1079 1590 1191 1662 nullibi
1236 1611 1288 1665 tua
1306 1610 1405 1685 xerse
1431 1589 1495 1664 save
1508 1593 1695 1665 habitudine
1711 1594 1792 1693 segni
1811 1597 1854 1667 ad
1878 1592 2060 1693 lignatum,
2083 1602 2118 1665 δι

192 1694 197 1715 l
313 1682 431 1758 dicitur
446 1685 571 1786 lignum
591 1688 760 1790 spiritualis
773 1694 959 1779 ablutionis,
981 1689 1033 1764 sed
1046 1716 1085 1762 ex
1105 1715 1193 1785 equa
1238 1692 1279 1763 stc
1301 1694 1534 1763 sacramentum
1556 1685 1632 1761 esset
1653 1697 1753 1764 etiarn
1777 1692 1999 1769 smeereione.
2049 1696 2121 1767 Ad·

313 1784 361 1860 &
378 1791 505 1881 Spiritu
527 1788 646 1863 dicitur
667 1790 737 1864 fieri
760 1796 976 1889 regeneratio,
989 1790 1059 1875 Joh.
1076 1789 1140 1863 lll.
1163 1810 1203 1865 5ae
1236 1791 1296 1876 de,
1313 1788 1390 1860 stex'
1405 1790 1509 1860 relatis
1520 1794 1764 1862 Sacramentum
1784 1792 2118 1888 definiretur‚nempe

312 1886 382 1958 Per
396 1888 562 1959 iuuenum
579 1894 826 1990 regenerationis
846 1889 892 1964 ff
902 1893 1117 1961 renovationis
1126 1888 1194 1982 sol·
1227 1894 1387 1992 signum,
1401 1911 1471 1958 tum
1486 1893 1619 1958 materia
1632 1886 1704 1959 esset
1717 1915 1815 1987 genua
1831 1891 2003 1965 materiati,
2021 1893 2121 1961 'Cou-

315 1988 389 2053 vari
402 1984 559 2074 dicimur,
574 1993 640 2059 Tit.
656 1990 718 2066 ΙΙΙ.
735 2012 767 2081 5.
785 1991 932 2060 Lavacro
946 2013 1050 2085 opit-ne
1070 1990 1103 2055 in
1124 2010 1196 2053 ver·
1241 1993 1298 2060 liat
1314 2004 1421 2060 autern
1441 1990 1606 2056 materiam
1632 1985 1818 2060 sacramenti
1841 1984 1906 2059 effe
1924 1984 2121 2060 nonsolun

207 2174 209 2178 Ι
314 2083 354 2150 be
369 2063 522 2154 damari
541 2084 801 2160 dieitutceclesta
823 2089 902 2183 Epla
918 2086 962 2163 V·
982 2109 1038 2169 27.
1065 2084 1197 2177 Baptis·
1237 2111 1309 2159 rem
1336 2080 1519 2161 terrenam,
1547 2079 1600 2155 scd
1625 2094 1659 2157 dr
1685 2085 1861 2159 coelellem.
1910 2085 1972 2178 a.)
1997 2092 2048 2164 Ex
2070 2091 2122 2154 ''in-

316 2203 372 2251 ma
397 2206 455 2252 eos
471 2183 605 2277 stilum
640 2185 760 2258 dicitur
788 2187 906 2261 tPetr.
922 2183 985 2259 ΙΙΙ,
1004 2206 1058 2253 at.
1104 2183 1196 2251 Panis
1235 2185 1389 2258 dunione.
1440 2186 1566 2255 Omnia
1593 2188 1628 2258 dr
1658 2181 1780 2281 singula
1804 2187 1939 2282 proprie
1958 2185 2049 2258 dieta
2073 2181 2120 2255 sa·

239 2317 243 2322 ·
317 2276 542 2354 eucharillicus
562 2282 760 2355 nondieitur
781 2281 932 2376 lignum,
955 2279 1197 2352 sedrommaai·
1235 2303 1399 2378 eramenta
1425 2275 1496 2349 sunt
1523 2284 1675 2351 actiones.
1723 2285 1813 2379 Ergo
1833 2276 2076 2355 sacramentum
2090 2288 2121 2354 in

318 2381 400 2448 catio
415 2387 555 2475 eorporis
569 2387 603 2456 dt
620 2384 734 2452 vinuui
748 2381 991 2454 eucharisticum
1003 2377 1197 2458 condicitur
1235 2404 1355 2481 genere
1375 2377 1599 2450 definiendum
1620 2378 1664 2449 esl
1683 2403 1739 2474 per
1762 2380 1927 2453 aaronem.
1955 2424 1959 2446 :
1980 2390 2120 2457 Antece-

318 2473 466 2573 liguum,
495 2476 545 2550 sed
560 2484 802 2551 communicatio
812 2479 989 2578 stangainis
1013 2475 1141 2573 Clritii.
1168 2500 1197 2552 1.
1235 2491 1313 2551 dens
1339 2475 1382 2546 esl
1407 2474 1624 2546 manifestum.
1676 2478 1812 2551 Nam&
1840 2480 2050 2551 circumcisio
2078 2477 2119 2551 ell

244 2655 248 2666 ,
318 2576 398 2647 Cor·
413 2576 459 2650 X.
476 2583 528 2651 ¹6.
554 2583 663 2675 utique
679 2605 713 2649 et
736 2603 839 2650 onon
851 2582 885 2651 iu
902 2575 1117 2676 significando
1131 2595 1200 2644 tan·
1235 2579 1324 2647 adlio
1341 2599 1457 2672 nempe
1471 2579 1652 2681 amputatio
1667 2575 1839 2669 pelliculae,
1852 2583 1977 2673 &agni
1992 2574 2120 2676 pascha·

319 2692 412 2751 tunt,
438 2673 535 2746 sedin
554 2604 754 2749 conserendo
775 2673 1021 2773 &adplicando
1048 2670 1136 2771 ligna
1157 2672 1198 2743 sa·
1236 2676 1274 2747 lis
1291 2672 1466 2749 mediatio,
1493 2673 1623 2752 allatio,
1652 2682 1686 2746 δε
1719 2675 1930 2745 tutanducatio
1948 2677 1994 2747 est
2031 2681 2120 2747 aeliu

319 2773 522 2858 eramentalia
539 2773 727 2846 consiliunt.
774 2776 902 2846 Fatetur
920 2769 985 2870 ipse
999 2775 1082 2846 Reza
1110 2795 1199 2869 parte
1238 2768 1417 2869 Baptismus
1441 2767 1487 2841 esl
1509 2770 1676 2856 immersio
1694 2767 1755 2841 see
1772 2767 1955 2868 adspersio,
1979 2783 2017 2848 ἅ
2038 2798 2121 2846 coena

247 2949 249 2953 ,
319 2866 366 2943 ll.
385 2873 529 2967 quasl&
548 2870 629 2971 resp.
641 2898 675 2969 q.
695 2898 748 2954 ςο.
774 2871 862 2970 quod
877 2872 972 2942 realis
967 2872 1046 3039 live
1059 2875 1105 2940 rei
1129 2870 1201 2970 ipsi·
1239 2870 1405 2944 dominica
1430 2864 1474 2937 est
1489 2866 1691 2955 benedislio,
1724 2867 1923 2955 distributio,
1950 2876 2120 2947 manduca·

319 2990 360 3037 tet
372 2970 805 3068 aestelstantineproesentio
820 2976 854 3042 in
868 2986 952 3043 terto
981 2968 1199 3062 ocoffprae-
1240 2972 1288 3042 tio
1303 2974 1338 3039 dt
1356 2967 1480 3036 bibitio.
1534 2967 1591 3057 3.)
1621 2973 1656 3037 ln
1670 2965 1860 3041 definitione
1874 2973 2122 3068 astianumsot·

309 3063 675 3163 sentiofltcramentulir
696 3073 998 3171 nonsmtperpetuo
1014 3090 1201 3164 repugnata·
1240 3093 1294 3140 ote
1316 3066 1498 3137 communis
1523 3068 1635 3161 generi
1662 3066 1884 3161 quadantenus
1918 3068 1965 3139 cst
1996 3063 2100 3142 inelus
2113 3118 2120 3135 .

243 3201 247 3206 ·
320 3175 377 3235 tes.
427 3169 544 3266 Qaest.
574 3182 626 3241 ιι.
652 3171 750 3247 dicit,
774 3173 841 3241 elio
868 3170 923 3265 effe
940 3169 1041 3267 signa
1067 3193 1201 3259 μνημο-
1241 3170 1318 3266 Jam
1341 3187 1421 3233 vero
1442 3155 1551 3232 forma
1574 3160 1962 3237 communitsactarnenti
1985 3165 2120 3239 constslit

321 3263 475 3348 taurini,
502 3268 567 3337 alio
593 3259 816 3363 separated,
841 3274 925 3352 alio,
940 3290 1021 3361 quae
1048 3264 1201 3359 testentur
1243 3271 1277 3335 in
1291 3262 1439 3337 aulone,
1456 3283 1518 3355 qua
1535 3256 1653 3330 sublata
1672 3259 1905 3337 sacramentum
1929 3272 2066 3363 proprie
2079 3265 2123 3334 di·

299 3363 303 3383 ¹
321 3362 374 3448 id,
400 3364 671 3461 cuifignificanuo
696 3368 897 3449 adhibeatur,
912 3368 999 3435 nobis
1013 3387 1085 3433 uere
1105 3368 1199 3439 dari,
1224 3382 1232 3396 ·’
1244 3365 1334 3433 dium
1354 3350 1416 3428 esse
1429 3361 1548 3454 nequit.
1597 3358 1696 3428 'sulla
1711 3363 1799 3429 enim
1836 3368 1960 3457 raputii
1982 3383 2122 3462 amputa·

310 3459 405 3557 ficita
414 3460 845 3556 sufflandodabntfbrijlus
860 3465 1020 3558 discipulis
1040 3464 1201 3557 Spiritum
1245 3466 1390 3541 tionem,
1414 3461 1447 3525 dt
1476 3481 1543 3525 nun
1572 3460 1628 3525 erit
1651 3385 1852 3529 circumciso
1880 3456 2123 3532 sacramentalia.

311 3556 495 3651 sensium,
530 3569 614 3639 vide
630 3562 772 3664 superius
791 3576 819 3654 §.
841 3590 873 3643 9·
888 3571 922 3637 &
938 3585 994 3633 ιο.
1246 3555 1347 3629 Tolle
1363 3552 1590 3628 anaslationcrn
1600 3599 1612 3632 ,
1634 3550 1824 3626 allationem
1847 3562 1882 3631 dt
1905 3560 2125 3632 manducatio·

295 3727 297 3730 .
1246 3681 1323 3727 nem
1348 3654 1441 3749 agni,
1467 3660 1582 3723 &nott
1604 3657 1801 3748 etitpascltt.
1851 3656 1951 3730 Tolle
1969 3658 2127 3732 immerfi·

645 3762 681 3865 ᾗ.
700 3760 833 3841 XXIV.
851 3761 1054 3830 Sacramenta
1071 3781 1130 3827 nos
1144 3782 1204 3853 po·
1249 3778 1347 3825 onem
1367 3754 1430 3821 live
1445 3745 1702 3845 au'spctliouem.
1727 3763 1762 3824 dc
1776 3778 1844 3824 uon
1866 3760 1928 3825 erit
1944 3748 2127 3857 baptismus.

327 3885 550 3965 Sacramentige-
601 3870 708 3936 nimus
724 3872 756 3935 in
778 3860 1027 3957 praedicamento
1048 3856 1203 3936 essionis,
1250 3851 1346 3927 Tolle
1363 3846 1645 3920 manducationem
1660 3849 1819 3922 beneditii
1841 3861 1932 3948 panis
1945 3863 1982 3928 Ca
2004 3857 2128 3930 bibitio·

338 3987 388 4027 aas
405 3966 530 4041 astartis.
597 3966 686 4038 &ax
701 3962 816 4034 eodem
825 3979 930 4055 genet
940 3952 1135 4023 delinitionis
1151 3981 1206 4048 pe·
1251 3975 1329 4021 nem
1345 3942 1501 4017 bencdisti
1520 3951 1607 4025 viui,
1628 3955 1662 4019 dc
1683 3975 1750 4018 non
1770 3954 1827 4021 etit
1844 3975 1935 4022 crena
1951 3952 2128 4026 dominica.

598 4067 717 4139 timus,
741 4080 818 4130 cum
845 4049 1016 4124 delinitum
1042 4059 1074 4121 dt
1103 4075 1203 4147 genua
1252 4049 1340 4143 Ergo
1361 4043 1592 4119 sacramentum
1623 4052 1656 4113 in
1673 4072 1790 4143 genere
1821 4048 2051 4125 deliniendum
2077 4074 2127 4151 pet

327 4168 523 4239 definitionis
536 4169 566 4233 in
576 4158 691 4233 eodem
705 4171 855 4255 oporteat
870 4148 930 4219 else
944 4148 1204 4245 praedicamento.
1252 4146 1422 4221 asi-ionem,
1435 4147 1553 4244 quippe
1568 4169 1636 4242 quae
1656 4146 1699 4247 ell
1715 4142 1825 4214 sunna
1840 4141 2030 4223 sacramenti
2045 4176 2130 4223 com.

329 4270 489 4339 Ceterum
513 4258 747 4341 sacramentum
763 4248 824 4323 else
836 4250 1002 4320 aslionem
1017 4246 1203 4343 probamus:
1253 4249 1382 4323 munis,
1406 4244 1491 4310 adiio
1505 4249 1597 4313 certis
1620 4241 1755 4335 objediis
1769 4250 1804 4315 &
1817 4246 2066 4321 circumstantiis
2078 4248 2130 4321 de.

332 4366 385 4459 1.)
413 4367 458 4435 Ex
472 4345 667 4458 institutione
679 4354 784 4425 divina
804 4345 1002 4443 fingulorum
1026 4340 1206 4415 literatum·
1253 4347 1421 4413 terminata
1440 4337 1484 4407 cll
1502 4339 1607 4411 forma
1623 4349 1836 4440 cujuscunque
1852 4339 2046 4418 sacramenti
2061 4374 2132 4447 pro·

329 4484 462 4539 torum,
490 4465 595 4556 inqua
609 4458 698 4525 Deus
711 4445 848 4547 expresse
865 4439 1206 4538 requirir&pr.uscri-
1254 4447 1334 4539 pria.
1385 4438 1444 4522 4.)
1487 4436 1557 4537 Ipsa
1593 4437 1826 4533 odntinillrntio
1862 4443 2132 4519 sactamentotunt

331 4565 379 4636 bit
392 4564 569 4632 asiionem.
597 4559 646 4625 De
658 4540 905 4622 circumcisione
921 4544 999 4610 Gen.
1018 4539 1132 4617 XVII.
1157 4566 1165 4604 ι
1181 4566 1206 4608 r.
1255 4536 1415 4620 ostendit,
1429 4534 1624 4607 sacramenta
1642 4533 1705 4611 else
1721 4546 1850 4638 proprie
1864 4544 2026 4619 actiones,
2040 4545 2131 4617 Aetio

233 4627 237 4640 ἱ
332 4655 570 4739 circumcidetis
596 4654 695 4746 inquit
705 4647 1024 4718 Dominus,tnrnem
1029 4643 1207 4731 praeputii.
1256 4643 1385 4732 agentis,
1410 4655 1564 4731 quatenus
1578 4659 1674 4733 agens
1688 4640 1743 4720 est,
1761 4642 1849 4710 oclus
1862 4643 1921 4719 etl,
1949 4667 2056 4741 eoque
2087 4667 2132 4715 er.

244 4749 247 4759 '
334 4708 630 4857 Dugflopasclsali
645 4736 1028 4833 [aodxlbpdtseqq.
1042 4736 1117 4806 dicit
1136 4743 1207 4808 Do·
1257 4732 1369 4807 licitur.
1392 4739 1603 4805 Sacramenta
1618 4759 1684 4804 non
1701 4735 1762 4807 nist
1773 4741 1935 4835 agentium
1953 4668 2133 4841 &quidem

333 4862 460 4932 minua:
486 4851 594 4922 Tollut
620 4847 838 4939 unusquisque
868 4858 990 4930 agnum
1008 4832 1063 4909 ’θ’
1093 4839 1208 4903 imino.
1229 4847 1233 4856 ’
1258 4854 1413 4932 quatenus
1427 4851 1550 4928 agunt,
1573 4834 1661 4904 albus
1675 4831 1767 4915 sunt,
1789 4840 1893 4933 iisque
1908 4844 2019 4938 quoad
2040 4835 2132 4914 effen.

188 4987 190 4994 ·
214 4929 217 4941 Ἠ
333 4964 376 5033 iet
401 4954 447 5032 θ’
463 4955 537 5023 edat
550 4970 662 5018 cernes
678 4944 756 5041 agai
769 4935 852 5038 effes
878 4938 947 5030 igni
964 4934 1038 5011 &a
1057 5037 1059 5042 Ι
1077 4933 1130 5008 De
1152 4935 1222 5004 ba«
1258 4938 1335 5001 tiam
1349 4936 1489 5005 omuino
1505 4926 1938 5038 perficiuntur3utiqueetgo
1950 4936 2130 5018 suntante-

2071 5061 2132 5123 uer,
