4900 5809
215 336 223 350 '
318 352 392 446 156
518 362 523 370 ·
734 298 739 308 ’
950 323 1555 457 'cocr'xvrrreeesmm

317 522 362 598 de
376 486 531 598 German.
548 518 713 618 theologia
727 515 842 617 pellim
860 509 996 616 repetit,
1009 522 1047 621 β
1063 520 1195 613 oclme·
1241 520 1418 617 aeplimetio
1434 519 1672 590 minorationis.
1719 518 1776 608 e.)
1800 521 1917 592 Primo
1936 516 2027 589 borae
2048 542 2151 616 ope··

317 626 403 698 xime
423 645 481 692 rec
494 622 601 693 celum
625 644 681 690 nec
705 621 851 715 infernus
874 618 973 717 effet,
997 633 1127 691 renatos
1148 619 1195 694 ΕΤ
1243 623 1316 690 rarii
1325 621 1358 687 in
1368 613 1518 715 parabola
1535 616 1655 686 Matth.
1665 615 1745 692 XX.
1761 622 1817 715 qui
1833 616 2038 716 paciscuntur
2049 641 2129 691 eum

316 727 389 800 Dei
407 721 499 815 filios
528 719 728 789 nibilominus
751 731 860 788 tamen
886 721 961 796 beree
993 733 1195 814 operaturos.
1244 712 1472 818 patrefamilias
1493 711 1533 787 de
1550 714 1724 803 mercede,
1747 716 1862 788 nolunt
1886 717 1972 813 prius
1995 714 2126 789 labora·

316 824 354 894 Si
373 820 487 905 dicas,
511 842 568 888 tur
589 841 666 913 crgo
680 822 832 910 praemio
850 816 897 891 [θ’
914 843 1031 911 perae
1059 822 1093 889 ie
1111 818 1198 914 scri·
1244 839 1301 895 re,
1314 838 1412 910 quam
1434 837 1556 885 merces
1573 815 1765 903 constitute,
1783 815 1900 907 jactant
1916 813 2044 909 pondus
2058 815 2135 895 diei,

270 977 276 990 .
312 923 428 1017 pteris
438 921 694 1012 proponuntur?
734 911 973 1012 Resppropter
993 941 1198 988 cernemno-
1243 915 1423 990 uatium,
1449 908 1676 984 existimasstse
1704 913 1773 1009 plus
1791 931 2006 1009 recepturos,
2029 938 2070 983 ex
2088 913 2126 981 il·

317 1017 418 1090 liram
435 1012 596 1111 torpidam
615 1040 653 1083 oc
671 1010 920 1101 testudineum
946 1014 1091 1087 nondum
1108 1019 1197 1086 enim
1241 1010 1386 1083 lis-fiunt
1407 1008 1592 1089 eccillum,
1608 1017 1642 1082 de
1664 1013 1777 1082 audire
1800 1032 1962 1109 coguntur
1986 1041 1996 1082 e
2035 1013 2127 1083 Tolle

316 1116 411 1214 plene
431 1116 576 1184 renouati
600 1138 637 1182 ae
658 1114 719 1180 toti
743 1107 918 1207 spirituales
934 1109 1065 1203 sumus,
1088 1112 1140 1183 sed
1159 1140 1196 1183 ee
1240 1118 1325 1207 quod
1339 1122 1432 1181 tuum
1445 1108 1559 1207 effi&
1576 1111 1651 1178 ubi:
1678 1108 1731 1181 scd
1745 1110 1920 1182 undecimae
1935 1112 2024 1183 horae
2045 1137 2126 1208 ope·

317 1238 411 1312 parte
431 1212 537 1283 adbuc
556 1209 725 1287 carnales,
748 1207 824 1279 ideo
846 1215 940 1281 etiam
966 1235 1064 1308 opem
1089 1210 1198 1283 nolim
1243 1214 1338 1283 rarii,
1364 1215 1502 1306 quinon
1522 1205 1691 1303 respiciunt
1707 1208 1890 1302 mercedem
1909 1214 1942 1277 in
1961 1205 2021 1281 suis
2043 1235 2126 1305 ope-

252 1372 256 1381 .
316 1337 387 1384 uon
417 1305 661 1408 proficiscuntur
692 1324 760 1377 tota
786 1333 825 1378 ex
856 1304 969 1404 spiritu
999 1313 1197 1406 spontaneo,
1243 1312 1357 1382 ribus,
1385 1302 1439 1376 led
1473 1307 1618 1377 contenti
1649 1302 1721 1378 sunt
1747 1312 1882 1405 gratuita
1905 1304 2126 1404 promissione

285 1444 291 1457 ·
318 1406 374 1481 sed
398 1410 537 1479 adheret
560 1406 681 1502 aliquid
712 1404 842 1477 carnalis
869 1406 1091 1488 infirmitatis,
1123 1435 1195 1503 quee
1241 1399 1514 1504 patrisfamilias,
1539 1404 1755 1503 obsequuntur
1785 1410 1964 1494 vocationi,
1992 1417 2026 1480 ἀ
2060 1403 2126 1477 set·

318 1499 445 1603 semper
467 1503 650 1576 mercedem
666 1505 789 1600 querit.
841 1506 898 1593 e.)
923 1507 1071 1576 saniores
1090 1506 1196 1603 philo.
1240 1508 1329 1575 viunt
1348 1507 1379 1571 in
1403 1502 1602 1597 [implicitam
1619 1505 1728 1573 cordis
1745 1514 1809 1575 &c
1826 1505 1870 1574 itti
1889 1504 1973 1576 bunt
1995 1508 2122 1602 primi,

318 1601 414 1702 sophi
444 1630 482 1675 ex
507 1604 628 1672 lumine
651 1626 771 1682 naturae
794 1621 1015 1697 agnoverunt,
1039 1609 1194 1680 virtutem
1241 1613 1276 1675 ὅ(
1292 1601 1479 1671 mercedem
1497 1605 1587 1670 omni
1604 1607 1760 1697 opinione
1774 1630 1812 1673 ac
1829 1602 1880 1699 spe
1897 1612 2061 1697 majorem
2083 1630 2125 1676 ex

317 1703 517 1800 diligendam
546 1693 608 1771 effe
629 1720 761 1798 propter
794 1698 823 1769 se
857 1698 987 1797 ipsam,
1024 1702 1110 1773 nulla
1141 1701 1196 1802 spe
1242 1704 1344 1799 gratia
1370 1696 1616 1794 consequuntur.
1664 1696 1718 1787 f.)
1743 1701 1863 1785 Eletli,
1889 1727 1963 1773 cum
1987 1703 2125 1774 audiunt

317 1802 480 1875 mercedis
500 1855 513 1886 ,
537 1802 659 1872 'vitium
694 1795 915 1870 detestandum
940 1807 973 1873 ἀ
1003 1799 1194 1899 fugiendum
1243 1797 1365 1870 Marth.
1389 1796 1509 1874 XXV·
1535 1821 1590 1878 34·
1626 1798 1765 1876 Vertite,
1785 1803 1934 1895 pttffidelt
1959 1826 1995 1870 78
2019 1827 2126 1882 num»

319 1898 381 1973 elle
406 1918 538 1997 propter
572 1892 604 1966 se
634 1890 759 1991 ipsum,
793 1922 861 1966 non
887 1923 995 1968 autem
1015 1895 1194 1972 formidine
1240 1899 1357 1992 esuriei
1390 1901 1473 1966 enim
1499 1897 1546 1970 ΕΤ
1577 1897 1700 1991 cedetis
1721 1901 1798 1968 milri
1820 1905 1933 1975 edere,
1955 1827 2033 1974 [ige.
2059 1905 2127 1971 im·

317 2025 432 2098 poeme.
468 1996 608 2068 Platonis
630 1994 693 2065 boc
714 1993 782 2069 est,
806 1998 842 2093 β
856 1996 1105 2089 pulcritudinem
1129 2004 1193 2069 uir·
1240 1993 1384 2065 osculnm
1402 1999 1593 2088 percutientis
1608 1995 1793 2092 largitatem
1809 2004 1844 2069 dt
1863 1997 2124 2071 munificentiam

242 2173 245 2179 ,
319 2101 401 2171 tretis
424 2098 520 2165 oculis
544 2098 701 2184 corporcis
725 2097 843 2186 intueri
865 2093 1044 2189 presserunt,
1070 2100 1216 2168 trullum·
1240 2097 1420 2168 enitantur,
1449 2119 1546 2190 atque
1568 2121 1608 2166 eo
1631 2093 1701 2190 ipso
1719 2095 1904 2182 declarant,
1929 2096 2029 2196 quod*
2045 2095 2123 2171 fim-

262 2199 265 2204 ’
306 2200 388 2296 sore
403 2197 552 2268 denirium,
580 2194 658 2284 quie
679 2192 854 2262 retirebilem
868 2193 925 2287 sui
946 2218 1086 2266 umorem
1107 2200 1141 2267 iu
1158 2223 1196 2268 a·
1240 2191 1316 2290 plici
1330 2190 1449 2279 corde,
1474 2213 1659 2264 nouantem
1680 2196 1836 2267 mercedis
1852 2187 1970 2273 iutuitu
1984 2192 2126 2269 benefe-

319 2298 414 2368 rrimis
435 2292 548 2389 nostris
558 2293 604 2389 βε
620 2294 811 2363 excitatura.
1241 2294 1363 2379 cetint;
1390 2287 1415 2358 li
1432 2293 1515 2359 boon
1533 2316 1636 2385 opera
1652 2287 1706 2361 sua
1723 2285 1902 2364 intentione
1922 2289 2124 2395 consequen·

1239 2387 1275 2459 di
1290 2387 1473 2459 mercedem
1488 2384 1653 2464 fecissent,
1681 2417 1886 2489 nequaquam
1903 2393 2045 2464 inillam
2067 2393 2124 2467 ad-

1240 2489 1450 2559 mirationem
1465 2510 1726 2586 prorumpcrent.
1762 2497 1823 2589 g.)
1844 2514 1856 2554 ι
1875 2493 1951 2561 Cor.
1965 2492 2070 2568 XIII.
2087 2517 2123 2588 5.

1242 2583 1374 2657 Curitos
1386 2610 1450 2654 eon
1462 2590 1608 2681 quaerit,
1622 2590 1869 2684 quaestuosum
1882 2641 1896 2668 ,
1922 2615 1989 2668 noo
2032 2599 2123 2662 uaerie

317 2686 488 2779 juvenalis:
511 2684 796 2779 Oderuetprccore
809 2688 885 2758 eruli
887 2689 1068 2783 formidine
1069 2715 1196 2784 penae,
1239 2688 1274 2754 in
1290 2679 1351 2753 suis
1365 2680 1518 2780 operibus
1541 2686 1751 2775 mercedem,
1775 2687 1829 2760 sed
1854 2687 1950 2758 iibere
1972 2618 2123 2787 olilequi·

1241 2808 1315 2870 tur3
1336 2784 1411 2853 ideo
1432 2781 1565 2853 dileetio
1582 2789 1852 2859 etimninimicos
1874 2812 1986 2876 amat,
2011 2791 2125 2885 equi·

1241 2880 1299 2951 bus
1315 2899 1423 2952 tamen
1438 2882 1522 2950 nulla
1540 2888 1758 2954 remuneratio
1778 2882 1931 2981 speranda
1947 2884 2006 2960 est·-
2042 2892 2124 2985 Jam

318 2988 451 3085 Qento
466 2984 562 3079 igitur
580 2984 682 3075 magis
702 2986 803 3050 renati
820 2983 1046 3077 per-Spiritum
1060 2986 1121 3054 Dei
1135 2982 1195 3052 ssa·
1240 3004 1317 3052 vero
1335 2982 1417 3050 bona
1435 3005 1534 3077 opere
1550 2980 1681 3078 piorum
1705 2980 1956 3078 proficiscuntur
1981 3009 2022 3056 ex
2038 2990 2123 3057 cari·
2149 3033 2151 3037 -

318 3107 407 3156 tuere
427 3079 565 3163 debent,
588 3107 625 3149 cx
642 3077 713 3150 solo
727 3078 939 3160 Dei,summi
959 3080 1039 3151 illius
1053 3080 1143 3167 boni,
1156 3108 1193 3152 a-
1238 3095 1310 3149 tate.
1361 3082 1450 3175 Ergo
1465 3106 1531 3150 non
1548 3082 1665 3151 debent
1690 3084 1723 3149 in
1745 3078 1970 3178 ittieipeeeare
1998 3109 2124 3160 merce·

316 3206 410 3256 more
428 3179 510 3250 bene
533 3178 711 3248 vivendum
730 3172 811 3258 else,
837 3175 928 3247 nullo·
943 3198 1049 3248 autem
1074 3206 1192 3251 merce·
1239 3176 1328 3247 dein·
1354 3177 1558 3249 Bernlmrdus
1580 3181 1670 3250 tradi.
1689 3177 1729 3251 de
1741 3180 1831 3275 dilig.
1850 3183 1933 3253 Deo.
1960 3185 2120 3285 Nonſsre

316 3282 366 3353 dis
383 3284 496 3348 inroitu
518 3284 553 3346 δι
573 3274 719 3370 qnnfiru.
767 3275 827 3363 d.)
847 3276 966 3345 Martie.
984 3277 1049 3354 Vl.
1073 3301 1102 3352 ε.
1126 3279 1192 3349 haec
1233 3278 1382 3370 perereio
1398 3280 1545 3372 diligitur
1560 3279 1675 3358 Deus,
1700 3280 1755 3379 etſs
1772 3282 1892 3376 utreque
1903 3286 2048 3374 praemii
2070 3288 2120 3355 irt-

316 3375 428 3472 regule·
448 3380 478 3475 ip
498 3374 592 3442 bonis
609 3373 758 3468 operibus
779 3368 977 3442 observanda
997 3374 1092 3445 nobis
1111 3402 1189 3471 pro·
1238 3378 1324 3443 teitu
1347 3376 1524 3472 diligenter
1540 3375 1591 3472 μβ.
1643 3375 1686 3447 V
1680 3401 1737 3447 eru
1768 3383 1889 3449 taeitos
1917 3386 2121 3468 mercenarie

203 3559 206 3565 Ι
314 3480 464 3576 ponitur:
496 3472 542 3541 Te
551 3472 693 3567 faciente
713 3470 953 3566 elreruosyumu„
982 3474 1097 3567 nesciet
1109 3476 1191 3573 ſsni.
1236 3497 1301 3541 non
1318 3470 1380 3566 est,
1401 3479 1547 3569 utrumuis
1568 3501 1682 3547 merces
1704 3478 1951 3574 cousequenter.
2002 3481 2052 3550 Ex
2068 3483 2119 3554 hie

214 3578 217 3584 '
305 3573 578 3674 stretuu,'quid
608 3572 692 3639 eeiut
712 3574 827 3639 dextra
850 3581 920 3641 tua.
972 3576 1003 3643 Si
1027 3571 1190 3646 bonorum
1237 3577 1436 3667 argumentis
1450 3573 1565 3644 nollris
1586 3600 1626 3646 ne
1642 3600 1742 3645 unum
1759 3576 1890 3665 quidem
1906 3572 2117 3652 Bellarminue

315 3695 453 3771 operum
469 3668 566 3740 oblini
583 3672 613 3738 ei
634 3662 811 3757 d'cbemu'e,
835 3672 944 3765 utique
963 3696 1030 3740 non
1049 3665 1119 3741 sunt
1143 3667 1190 3744 fa.
1237 3674 1366 3766 attigit,
1389 3670 1578 3742 ideo'etiom
1591 3671 1685 3743 facile
1699 3673 1832 3770 adparet
1844 3726 1860 3752 ..
1872 3677 1950 3772 quid
1962 3676 2007 3747 de
2019 3678 2115 3775 ipsius

261 3758 265 3766 ¹
315 3769 430 3845 cienda
446 3773 560 3840 intuitu
576 3767 742 3838 mercedis.
771 3765 833 3839 Sed
854 3766 943 3841 illud.
969 3772 1189 3866 &godehoc
1236 3771 1473 3865 exceptionibus
1495 3769 1704 3861 judicandum
1732 3773 1793 3851 fit,
1819 3773 1984 3860 videlicet,
2012 3781 2046 3847 tu
2059 3778 2114 3874 so-

314 3872 472 3959 Quemvis
491 3890 567 3936 vero
582 3889 694 3935 eonem
709 3864 839 3961 nosipsi
854 3863 1098 3956 obliviscamur,
1117 3877 1188 3942 De·
1235 3872 1302 3938 lum
1322 3869 1505 3960 prohiberi,
1531 3896 1569 3939 ec
1588 3875 1756 3941 mercedem
1771 3874 1876 3968 stilum
1906 3885 1967 3943 out
1986 3880 2113 3970 proeti-
2141 3867 2145 3950 ζ

197 4045 205 4052 ,
312 3996 349 4043 us
381 3990 488 4037 tarnen
529 3961 818 4035 &recordabitur
851 3973 885 4037 δι
917 3968 1187 4041 rerrrunerabitur.
1229 3991 1296 4061 pree
1315 3970 1511 4037 iutueamur.
1559 3971 1641 4040 Item
1657 3967 1695 4038 rt'e
1717 3973 1920 4065 temporalem
1942 3981 2112 4064 mercedem

313 4068 494 4162 Gregorius
506 4060 562 4132 lib
583 4060 645 4136 ue
663 4060 779 4134 morel.
796 4088 822 4132 c.
849 4086 899 4146 ¹7·
933 4066 968 4133 Si
983 4066 1106 4158 scietur
1131 4072 1184 4138 bo·
1222 4066 1405 4160 specimine
1421 4067 1498 4147 &e
1524 4091 1597 4138 vere
1620 4066 1752 4168 quidem
1770 4072 1838 4143 baec
1861 4070 2038 4155 deuotus,
2060 4073 2112 4147 sed

311 4192 375 4239 ee,
403 4187 483 4261 quoe
497 4165 651 4260 egimus,
676 4164 720 4231 ed
738 4161 943 4233 elevationem
969 4168 1141 4246 decimum
1154 4169 1191 4267 β
1233 4165 1381 4236 nondum
1396 4160 1595 4237 satisfaciunt
1611 4167 1791 4265 questioni.
2160 4201 2163 4208 ·

303 4265 480 4360 ‘cesimum
506 4259 821 4354 urirrimescruemur.
871 4263 956 4357 Quis
971 4267 1054 4333 enim
1069 4279 1129 4336 uret
1149 4272 1187 4338 de
1883 4281 1886 4288 '

310 4367 363 4436 vir
379 4360 529 4450 utissune
546 4360 1188 4461 couscientiarorequaetulrcmcuuquesu·
1280 4355 1318 4461 8
1345 4361 1527 4438 CXXVII.
1555 4362 1616 4434 Sed
1631 4359 1832 4440 tormaruei-
1893 4364 1940 4448 Ar
2038 4411 2090 4461 ee,

303 4458 461 4558 perbim?
486 4474 545 4529 erut
560 4462 630 4553 quir
647 4458 778 4552 rursum
791 4461 906 4528 boreum
923 4466 956 4530 in
966 4463 1006 4557 se
1023 4465 1187 4559 custodiat,
1230 4457 1385 4531 Ierrninus
1430 4461 1575 4557 quedam
1602 4482 1834 4560 -orgutnenffl,
1884 4474 1933 4550 qui
1952 4490 1986 4530 ¹¹⁸
2013 4473 2114 4550 W·

310 4565 395 4657 quoti
415 4554 581 4650 ige-orat?
596 4555 657 4649 sed
682 4571 794 4628 contre
823 4571 961 4652 utreque
981 4566 1058 4655 quid
1070 4563 1187 4659 super.
1232 4558 1346 4654 quibus
1366 4563 1501 4654 probet,
1526 4559 1834 4659 liciturueffiopero·
1885 4569 1963 4617 Μ’
2005 4553 2139 4636 lim.

310 4657 372 4756 est,
398 4658 456 4754 nisi
478 4668 514 4723 ut
531 4652 639 4725 rema,
663 4680 745 4747 quae
764 4660 911 4753 egimus,
925 4656 1056 4745 sciendo
1073 4664 1187 4757 nesiia.
1230 4659 1260 4725 ri
1292 4657 1375 4729 boreo
1406 4683 1503 4753 opero
1532 4664 1654 4732 intuitu
1686 4667 1833 4735 rerereedir
1884 4627 2114 4772 &mamm

311 4781 404 4841 mur,
431 4770 467 4822 ru
484 4753 557 4825 leuet
574 4750 621 4826 &
637 4753 954 4848 reecaesttmemes,
980 4758 1027 4833 87
1040 4763 1186 4853 minime,
1230 4765 1391 4829 aeterum.
1445 4759 1550 4828 Prima
1570 4759 1835 4856 classispetiteess
1955 4734 2111 4852 cem-:m
2161 4833 2164 4838 .

310 4868 466 4952 quotenus
488 4854 534 4928 [β
547 4858 590 4923 mi
602 4851 773 4951 custodium
788 4854 943 4953 senstficet
964 4862 1108 4939 animem
1121 4861 1185 4954 sci-
1230 4878 1270 4928 ex
1289 4848 1382 4927 dietis
1415 4852 1588 4949 scripture.
1657 4860 1709 4949 1.)
1734 4862 1827 4929 Chri·
1881 4889 2112 4973 „mn-pff.

247 5073 250 5079 .
308 4958 397 5031 retia
418 4953 624 5038 testitudinis
640 5003 658 5037 ,
690 4954 737 5033 [ἴ
760 4954 795 5027 in
820 4965 979 5030 tumorem
1006 4982 1070 5035 core
1089 4962 1186 5034 eleuet
1228 4951 1292 5027 lius
1311 4963 1347 5030 de
1363 4955 1531 5055 Iomanes
1550 4956 1835 5148 ‘baptistam
1877 4972 2028 5042 umere·
2039 4995 2108 5060 pn.

319 2440 541 2515 Claudianus:
565 2437 644 2532 Ipstr
658 2442 784 2553 quidem
804 2444 910 2510 virtus
926 2441 1052 2541 flbimet
1069 2445 1195 2537 pulcer-

711 2563 796 2608 rmm
811 2565 939 2614 mercer.

507 2836 658 2907 Oderunt
674 2859 806 2926 pectore
826 2838 898 2905 leoni
921 2839 1054 2905 uirtutis
1074 2860 1191 2907 eruore.
