4900 5809
701 328 771 406 os
795 263 1503 426 succurrite-nouorum
1532 323 1778 406 orunou.
2084 358 2137 440 ,η
2227 277 2234 284 ’

320 508 368 588 iit
385 506 485 594 oblati
502 506 550 587 rai
563 510 677 618 >timu
692 523 895 597 contemtui,
917 515 1051 596 interim
1069 501 1135 590 tion
1153 533 1224 600 ua·v
1252 515 1392 613 Spiritus
1412 507 1551 608 ‚sanstus
1580 511 1818 612 commendat)
1853 525 1985 616 peecata
2017 532 2133 618 eontra

327 638 537 712 gatuneum
552 613 621 688 aliia
629 641 666 688 eu
674 613 774 686 causis
784 618 816 686 in
826 620 1041 716 captivitatem
1052 610 1209 698 incidiiie,
1251 613 1485 690 conscientiam
1505 640 1711 716 nequaquam
1729 613 1912 693 consulere.
2128 612 2133 621 ’

325 714 378 786 vel
397 716 497 788 etiam
512 710 607 787 semel
634 714 804 788 liberatum
825 716 935 788 denuo
955 720 987 787 in
1008 741 1080 789 eam
1103 715 1206 815 redigi
1300 710 1342 816 85.
1378 714 1553 795 XXXVI·
1586 715 1675 807 lV.)
1702 717 1859 790 lutherus

325 809 430 915 polle.
486 814 544 904 2.)
570 815 695 895 Adde,
721 809 812 913 quoti
833 814 1003 906 infidelitas
1026 814 1060 890 stt
1077 810 1203 890 foecun·
1250 815 1362 914 lullb·
1387 816 1428 889 de
1452 820 1568 912 captiv.
1590 814 1699 909 Babyl.
1720 842 1793 915 cap.
1816 815 1859 892 de
1906 813 2133 913 ffiquitpriu·

325 913 454 988 diffima
468 933 571 988 mater
587 920 696 989 omnis
710 921 834 1012 generis
850 934 1080 1014 peccatorum,
1103 941 1204 1015 quan·
1249 912 1411 1012 baptismo
1428 910 1550 989 scribit.
1601 917 1644 992 V
1641 920 1734 1010 ider,
1759 941 1858 1013 quam
1905 913 2052 963 ΨΜ
2066 921 2114 960 ¹²⁰·

321 1017 373 1089 do
391 1039 426 1088 er
449 1040 471 1085 o
488 1020 587 1087 matri
604 1018 753 1087 tribuitur
773 1014 959 1104 damnatio,
984 1042 1053 1089 non
1066 1014 1203 1092 excludi·
1249 1018 1336 1088 diaes
1346 1016 1396 1115 fit
1410 1016 1599 1113 christianus
1614 1017 1725 1099 iorrro,
1738 1020 1790 1089 uel
1801 1018 1858 1088 ia·
1900 975 2132 1138 5222qust

318 1108 425 1187 turio
473 1111 620 1195 les,.sed
635 1111 835 1197 includitur,
860 1135 1015 1214 tanquam
1038 1117 1202 1190 individua
1242 1118 1398 1211 ptizutur
1414 1167 1429 1196 ,
1470 1129 1508 1187 ut
1538 1121 1635 1189 etiam
1658 1117 1763 1190 uoltus
1789 1143 1854 1190 nou
1902 1156 1976 1207 aeas,
1990 1138 2130 1220 „qum

323 1240 437 1288 comer
452 1218 563 1290 matris
571 1236 582 1311 ;
608 1212 788 1287 infidelitati
801 1231 909 1287 tamen
932 1209 1066 1288 seoriim
1085 1224 1119 1291 dt
1142 1243 1201 1290 no·
1245 1216 1335 1310 poffit
1344 1222 1481 1312 perdere
1481 1216 1627 1311 statutam
1625 1217 1741 1312 suain,
1751 1244 1853 1315 quara·
1943 1221 2063 1291 uetare,
2109 1219 2112 1226 '

324 1317 477 1388 minutim
500 1315 554 1388 hie
579 1308 860 1415 perniciofiliimus
888 1310 1023 1388 effertus
1045 1313 1201 1389 adscribi·
1248 1317 1413 1414 tirruaqut
1429 1320 1590 1410 pretiatis,
1615 1319 1676 1418 nist
1688 1322 1768 1389 nolit
1787 1344 1852 1390 rre-

323 1433 402 1494 tur,
427 1418 502 1512 quia
519 1415 641 1516 reliqua
657 1436 786 1514 peccata
805 1412 959 1488 damnare
977 1439 1045 1487 non
1060 1410 1202 1514 poii'ent,
1249 1420 1331 1487 dere.
1381 1418 1484 1490 Nulla
1508 1420 1591 1488 mira
1605 1431 1741 1512 patrata
1753 1417 1885 1517 poffuut
1901 1442 1973 1490 eum
1988 1423 2127 1494 dauma-
2157 1461 2160 1466 ·

325 1511 482 1587 uilicum
513 1515 702 1588 infidelitate
726 1508 823 1586 client
847 1515 1040 1607 coujunth,
1080 1540 1115 1589 ut
1135 1518 1202 1588 bare
1248 1518 1452 1621 re‚uistfl›ia
1469 1521 1685 1591 incredulitas.
1720 1521 1809 1616 Ergo
1827 1517 2129 1620 liatuitbouaope·

319 1610 468 1687 declarat
483 1614 653 1689 balduinus
676 1617 710 1687 in
732 1611 846 1714 disput.
863 1614 904 1687 de
927 1613 1109 1689 neceiiirate
1138 1617 1201 1689 bo·
1248 1638 1284 1685 ra
1308 1634 1379 1687 tuto
1395 1620 1506 1688 omitti
1531 1610 1630 1716 polle.
1684 1619 1783 1713 Resp.
1804 1615 2064 1715 propositionem
2088 1617 2126 1692 il·
2221 1657 2224 1662 ·

314 1739 444 1787 norum
467 1741 606 1817 operum
627 1715 676 1787 th.
704 1732 758 1796 58.
833 1783 840 1794 ‚
1246 1713 1335 1797 lam,
1360 1716 1450 1812 quod
1467 1712 1533 1790 sola
1555 1713 1760 1790 incredulitas
1779 1715 1931 1795 damnet,
1957 1736 2122 1800 mutuatus

366 1839 380 1904 ¹,
640 1811 678 1914 ff.
706 1811 863 1892 XXXV.
890 1815 970 1904 ΙΙΙ.)
987 1813 1146 1887 Lurirerus
1168 1816 1201 1885 iu
1247 1815 1291 1886 eil
1309 1817 1466 1888 Lutherus
1490 1842 1528 1887 cx
1551 1812 1703 1913 scriptura
1730 1813 1836 1897 itera,
1863 1822 1895 1888 ita
1922 1841 1985 1915 qua
2013 1820 2125 1916 homi·

318 1884 457 1967 -Uhfiffl
469 1889 523 2004 ‘ll’
591 1910 687 1989 serm.
713 1921 766 1989 Sir
786 1918 881 1986 Deus
901 1917 1010 1985 dilexit
1032 1920 1199 1992 muudum,
1246 1940 1326 1988 num
1340 1914 1547 1989 incredulitas
1572 1916 1804 2013 utplurimum
1836 1914 2024 2015 adlegatos,
2055 1911 2124 1991 tan·

318 1968 525 2112 ”23:233ss
592 2013 716 2088 scribit:
742 2013 971 2111 mistriensi,
991 2016 1115 2088 auiiruu
1125 2041 1200 2110 par·
1246 2035 1343 2113 quam
1373 2014 1461 2087 causa
1492 2014 1728 2106 damnationir3
1753 2015 1827 2102 Joh.
1851 2020 1905 2088 ili
1928 2035 1979 2093 rt.
2006 2025 2039 2092 dr
2066 2027 2123 2095 36.
2243 2105 2247 2112 q

365 2132 462 2214 quest.
593 2129 701 2188 catum
723 2140 832 2187 uocare
842 2115 970 2211 potest,
1030 2129 1198 2210 peccatum
1244 2116 2125 2217 xv1.9.tv12rc.xvt.,1t.nequetamenpeceau
2186 2129 2192 2136 '

595 2240 661 2287 riou
680 2215 784 2314 potest
806 2239 936 2295 nocere,
981 2240 1072 2286 ecurt
1096 2219 1200 2314 igitur
1244 2214 1364 2312 reliqua
1379 2238 1441 2312 pro
1461 2213 1648 2314 adiaphoris
1660 2215 1793 2291 haberi,
1818 2215 1867 2287 rel
1891 2219 1973 2288 citra
1989 2217 2125 2292 damna·
2214 2221 2218 2228 ’

317 2315 384 2385 trit
404 2316 432 2384 ei
455 2313 692 2413 indulgendum.
746 2308 842 2411 Rcip.
872 2313 1114 2411 intelligendum
1135 2317 1199 2386 lioc
1245 2315 1536 2413 tioriis.perirulunt
1564 2319 1738 2410 perpetrari
1759 2312 1846 2412 polle
1869 2313 2126 2405 uoluit,sedin·

319 2414 366 2485 eii
393 2413 507 2504 1).de
528 2421 667 2511 peccatis
689 2409 905 2511 antegtetlis,
939 2437 1082 2513 quorum
1109 2421 1198 2488 Deus
1243 2414 1648 2488 tercauiasdaumarionis
1669 2417 1780 2487 dextre
1803 2411 1991 2489 discernere.
2029 2417 2124 2494 Mala

318 2539 390 2586 nou
414 2511 484 2588 vuit
520 2514 683 2587 recordari
705 2511 876 2609 amplius,
908 2511 933 2584 st
963 2537 1038 2586 vera
1065 2514 1130 2588 iide
1155 2514 1197 2603 ad
1242 2540 1341 2614 opera
1357 2513 1513 2587 deomant
1538 2518 1570 2583 iu
1594 2512 1712 2587 ordine
1735 2509 1836 2586 eausae
1851 2516 2006 2612 efficientis
2027 2520 2123 2592 areeri·

319 2612 421 2713 ipsum
442 2634 683 2687 convertamur.
737 2612 793 2703 2.)
820 2613 872 2682 De
896 2632 1027 2713 peccato
1043 2616 1078 2684 in
1101 2640 1197 2687 tarne
1241 2620 1368 2703 toriae,
1392 2609 1456 2684 sola
1473 2611 1678 2687 incredulitas
1689 2614 1826 2687 damnat
1847 2619 1879 2686 in
1892 2616 2008 2690 ordine
2022 2617 2123 2692 eausa:

317 2713 426 2786 adhue
438 2712 621 2793 habitante,
637 2712 772 2813 perinde
787 2705 824 2783 iu
841 2712 1014 2811 apostolus,
1024 2712 1200 2814 poilquam
1242 2720 1306 2808 (ut
1339 2712 1383 2785 stc
1407 2709 1523 2811 loquar
1545 2712 1563 2806 )
1584 2713 1748 2883 sarmatis
1762 2768 1776 2794 ,
1807 2715 2004 2789 immediata
2024 2736 2123 2819 atque

317 2805 628 2914 conquellusfuerat
640 2818 682 2890 de
697 2812 753 2884 ilio
773 2836 908 2909 peccato
923 2815 1112 2905 narravit.
1127 2810 1198 2886 sub-
1239 2818 1394 2912 proximae
1413 2865 1425 2902 ,
1441 2825 1523 2904 'qua
1547 2817 1579 2882 ni
1596 2841 1606 2882 1
1637 2807 1786 2894 auertet,
1814 2833 1942 2913 peccata
1971 2814 2120 2916 reliqua,

317 2914 522 3012 jungrtviii
546 2937 574 2987 1.
600 2913 1028 3012 Nuiiadamuatiorstiis,
1055 2914 1197 3012 quisunt
1240 2938 1303 3011 pro
1334 2913 1451 3012 quibus
1479 2912 1633 2985 omnibus
1663 2915 1812 2990 Christus
1843 2911 2018 2997 satisfecit,
2051 2943 2123 2993 non

319 3018 355 3085 iri
366 3013 606 3112 Ciristo'Jesu.
660 3017 727 3105 3.)
751 3015 953 3109 Deprecatis
974 3011 1195 3093 infirmitatis,
1238 3012 1472 3085 damnarent,
1505 3011 1655 3088 Declarat
1685 3016 1772 3088 haue
1810 3009 1899 3085 luam
1928 3011 2119 3092 sententiam

317 3112 513 3189 venialibus,
539 3121 607 3188 n'on
626 3112 855 3214 regnantibus,
872 3138 1015 3213 quorum
1032 3117 1194 3213 quotidia-
1239 3107 1373 3209 ipsemet
1387 3114 1545 3186 Lutberus
1564 3109 1636 3185 satis
1656 3112 1823 3213 perspicuo
1843 3118 1877 3184 in
1896 3114 1981 3188 libro
2002 3142 2119 3190 contra

318 3238 361 3286 na
376 3211 526 3310 ‘remiliio
539 3220 698 3315 contingit
713 3238 771 3314 per
789 3211 899 3286 iidem.
949 3212 1194 3312 intelligendum
1239 3237 1347 3310 regem
1363 3210 1644 3310 Angliatom.ll.
1662 3216 1853 3312 Jemgerm.
1871 3213 1928 3285 fol.
1947 3239 2024 3298 ¹44·
2047 3220 2118 3316 Qui

314 3318 419 3386 etiam
440 3311 506 3385 boc
523 3312 568 3386 eii
581 3313 623 3388 de
642 3314 843 3387 credentibus
857 3318 891 3385 in
908 3311 977 3411 ipso
996 3313 1194 3406 justificatio·
1238 3317 1363 3394 tradit,
1388 3339 1465 3396 nou,
1473 3313 1579 3410 potest
1594 3316 1794 3386 adulterium
1817 3314 1867 3386 vri
1891 3317 1982 3387 uliud
2005 3342 2119 3413 perra·
2139 3318 2143 3325 ’

314 3417 367 3486 nis
390 3415 499 3494 statu,
521 3440 689 3512 quatemus
712 3439 880 3512 peceatum
901 3418 935 3484 in
961 3437 1059 3485 carne
1085 3413 1193 3489 adhuc
1238 3427 1311 3484 tum
1325 3389 1538 3491 contradidere,
1564 3418 1832 3510 quemadmodum
1851 3414 2026 3510 Joiauaer
2046 3422 2118 3502 ait,
2157 3471 2161 3476 -

315 3513 468 3602 babitans
488 3560 501 3595 ,
534 3523 568 3589 ἁ
587 3515 792 3587 infirmitates
820 3531 1008 3585 tenatorum
1038 3534 1193 3612 teguntur
1239 3539 1316 3585 araur
1330 3516 1460 3586 utrium
1476 3517 1567 3603 Dei,
1594 3539 1699 3613 aqua
1716 3519 1887 3611 dependat,
1913 3514 1955 3612 ιβ
1975 3522 2119 3614 orauipo-

310 3607 551 3713 -perfediissima
568 3615 689 3704 Christi
709 3610 846 3707 juliitia;
871 3611 983 3685 Plalm.
1000 3611 1135 3690 XXXII.
1160 3642 1190 3692 t.
1237 3626 1308 3685 trus
1323 3615 1388 3684 Du’
1402 3619 1507 3686 uirtus
1519 3663 1531 3695 ‚
1543 3613 1793 3713 quaesusteutat
1808 3614 1933 3710 ipsum,
1954 3642 1993 3687 ue
2010 3623 2117 3694 cadat.

314 3711 510 3786 extrnillum
527 3712 644 3785 ilatum
660 3716 800 3785 omnino
815 3735 939 3788 nocent
950 3729 1080 3810 peccata
1094 3717 1190 3788 etiam
1239 3715 1275 3784 Si
1287 3715 1505 3785 uero-iabitur
1524 3713 1572 3788 θ’
1588 3728 1726 3807 peccat,
1751 3719 1769 3805 (
1786 3711 1963 3786 mortaliter
1983 3725 2017 3790 ἀ
2038 3743 2120 3790 eon·
2141 3730 2143 3733 ’

314 3809 476 3891 venialia,
494 3815 667 3913 inquinant
685 3814 774 3885 enim
795 3812 982 3884 inchoatam
1003 3832 1191 3884 renatorum
1239 3828 1288 3881 tra
1314 3807 1564 3902 conscientiam)
1581 3816 1658 3912 jam
1674 3813 1850 3913 tertofider
1871 3811 2117 3910 estdeperdtra.

313 3911 563 4004 obedientiam,
588 3940 657 4012 quo
682 3920 792 3984 tatinus
812 3911 849 3982 fit
871 3909 1024 3982 omnibus
1048 3905 1195 3985 numeris¹
1239 3910 1286 3986 ΕΤ
1303 3906 1472 4002 infidelitas
1479 3911 1632 4006 surteffit.
1679 3915 1742 3988 Ubi
1758 3925 1864 3984 autem
1878 3912 2049 4009 infidelitas
2062 3915 2117 4014 est,

313 4007 511 4112 perfetta&
531 4011 663 4086 munda.
691 4015 932 4113 -Nequaquam
953 4035 1036 4082 uero
1057 4008 1097 4081 de
1120 4036 1191 4108 pee-
1237 4012 1279 4081 iii
1306 4005 1354 4085 iffi
1365 4009 1505 4106 sruiius
1530 4014 1621 4110 rjus,
1648 4013 1868 4101 adulterium,
1892 4014 2119 4107 mutuatum,

312 4113 395 4185 catis
415 4113 624 4213 regnantibus
636 4138 675 4184 ac
689 4110 921 4185 conscientiam
943 4107 1144 4183 vallantibus-
1157 4110 1191 4184 id
1237 4113 1346 4181 odium
1362 4110 1436 4187 &a
1489 4109 1583 4210 Ergo
1605 4116 1802 4210 priusquam
1833 4127 1970 4188 exterra
1984 4130 2119 4212 peccata

313 4197 516 4302 intelleiium
537 4215 639 4288 voluit
659 4215 834 4296 Lutherur,
859 4237 896 4283 ea
912 4213 999 4282 enim
1023 4236 1100 4282 cum
1125 4209 1192 4282 lide
1232 4224 1493 4306 perpetrantur,
1512 4214 1588 4311 jam
1610 4215 1746 4307 capitale
1760 4227 1959 4309 peccatum,
1985 4217 2121 4312 infideli·

313 4332 481 4487 utta}
500 4307 1192 4509 ultrum{utriustri
1222 4309 2127 4513 tt„{tlttttttututultra

313 4509 527 4585 bellarminus
540 4512 660 4586 nullam
676 4511 773 4584 aliam
789 4537 805 4580 a
832 4506 936 4582 noscit
949 4509 1075 4588 iidem,
1095 4534 1194 4606 quam
1237 4508 1285 4584 Εἴ
1293 4523 1461 4603 peccatum
1469 4510 1571 4606 sarit.
1621 4514 1712 4607 Ert
1730 4515 1902 4609 infidelitas
1922 4518 2048 4588 abadia
2071 4517 2123 4590 oei

312 4635 386 4710 que
399 4613 550 4685 historica
571 4616 685 4683 notitia
704 4619 739 4684 &
755 4536 889 4683 adliniu
910 4609 1086 4688 defruitur,
1109 4609 1194 4680 unde
1237 4610 1300 4681 aiio
1313 4623 1444 4706 putato
1454 4610 1611 4706 separari
1621 4610 1747 4710 Μή,
1777 4626 1860 4686 terte
1881 4619 1990 4687 odium
2010 4640 2121 4712 pecca·

310 4709 493 4785 concilium
523 4712 621 4786 Trid.
639 4705 708 4784 seii.
727 4714 784 4785 Vl.
803 4734 871 4809 cap.
895 4733 948 4790 ις.
958 4713 1073 4808 fideles
1083 4710 1196 4805 forui-
1229 4722 1309 4806 'tutu
1328 4736 1392 4780 uon
1411 4707 1492 4809 affut.
1544 4712 1824 4805 ereuradmodum
1843 4738 1922 4815 ergo
1945 4717 2019 4812 fitia
2033 4716 2123 4810 fider

313 4815 421 4886 carros
437 4864 451 4893 ,
471 4810 585 4909 fidtits
617 4815 779 4884 adulteros
798 4858 811 4887 ‚
833 4809 947 4905 fideles
982 4810 1196 4905 aruscaioram
1230 4806 1363 4910 justitia
1378 4809 1543 4906 nostmst
1559 4811 1606 4885 &7
1613 4812 1707 4914 justa
1719 4826 1902 4910 operatur:
1922 4819 1971 4888 ita
1989 4817 2124 4911 infideli·

277 4911 284 4918 '
313 4914 546 5001 concubitores,
567 4912 639 4988 &a
657 4909 824 5009 agnoscit,
849 4906 903 4980 sed
919 4909 1120 4980 ostendinus
1140 4905 1197 4980 suo
1238 4922 1291 4980 tar
1307 4908 1418 5005 fitium
1438 4924 1601 5005 patratum
1627 4912 1679 5008 est.
1717 4914 1801 4985 Vide
1824 4918 1918 4984 etiam
1945 4935 2027 4988 tom.
2048 4917 2123 4989 Vll.

311 5004 412 5114 iqua,
439 5037 515 5088 eum
538 5010 689 5085 'tretailla
709 5018 745 5086 dr
759 5006 951 5106 justificante
974 5008 1073 5092 uus.
1095 5007 1199 5110 'quam
1243 5002 1405 5185 iolbrtt.
1419 5010 1451 5093 b.
1499 5014 1573 5092 At,
1601 5013 1923 5115 inquiat-liutherus
1943 5013 2126 5188 tunensdi-

368 5167 370 5172 .
705 5127 711 5136 '
1354 5135 1374 5183 2
2078 5137 2128 5192 ei·
