<?xml version="1.0" encoding="UTF-8"?>
<!DOCTYPE html PUBLIC "-//W3C//DTD XHTML 1.0 Transitional//EN"
    "http://www.w3.org/TR/xhtml1/DTD/xhtml1-transitional.dtd">
<html xmlns="http://www.w3.org/1999/xhtml" xml:lang="en" lang="en">
 <head>
  <title>
</title>
<meta http-equiv="Content-Type" content="text/html;charset=utf-8" />
  <meta name='ocr-system' content='tesseract 3.04.00' />
  <meta name='ocr-capabilities' content='ocr_page ocr_carea ocr_par ocr_line ocrx_word'/>
</head>
<body>
  <div class='ocr_page' id='page_1' title='image "./locitheologicic00cottgoog/locitheologicic00cottgoog_0595.png"; bbox 0 0 4900 5809; ppageno 0'>
   <div class='ocr_carea' id='block_1_1' title="bbox 703 335 2144 480">
    <p class='ocr_par' dir='ltr' id='par_1_1' title="bbox 703 335 2144 480">
     <span class='ocr_line' id='line_1_1' title="bbox 703 335 2144 480; baseline 0.031 -64"><span class='ocrx_word' id='word_1_1' title='bbox 703 384 709 388; x_wconf 94' lang='lat'><em>-</em></span> <span class='ocrx_word' id='word_1_2' title='bbox 855 360 926 437; x_wconf 75' lang='lat' dir='ltr'>nr</span> <span class='ocrx_word' id='word_1_3' title='bbox 958 356 1149 432; x_wconf 78' lang='lat' dir='ltr'>veturs</span> <span class='ocrx_word' id='word_1_4' title='bbox 1181 358 1233 433; x_wconf 79' lang='lat' dir='ltr'>ut</span> <span class='ocrx_word' id='word_1_5' title='bbox 1271 355 1680 436; x_wconf 79' lang='lat' dir='ltr'>sucuuuuurts.</span> <span class='ocrx_word' id='word_1_6' title='bbox 1981 335 2020 451; x_wconf 66' lang='lat' dir='ltr'><em>s</em></span> <span class='ocrx_word' id='word_1_7' title='bbox 2061 387 2144 480; x_wconf 25' lang='lat'>‘241</span> 
     </span>
    </p>
   </div>
   <div class='ocr_carea' id='block_1_2' title="bbox 307 529 2280 3395">
    <p class='ocr_par' dir='ltr' id='par_1_2' title="bbox 342 529 2145 640">
     <span class='ocr_line' id='line_1_2' title="bbox 342 529 2145 640; baseline -0.001 -31"><span class='ocrx_word' id='word_1_8' title='bbox 342 531 525 640; x_wconf 64' lang='grc' dir='ltr'>ἔνλσγίσς,</span> <span class='ocrx_word' id='word_1_9' title='bbox 550 529 580 633; x_wconf 71' lang='grc' dir='ltr'><strong><em>ᾧ</em></strong></span> <span class='ocrx_word' id='word_1_10' title='bbox 590 529 869 636; x_wconf 69' lang='grc' dir='ltr'>ἶυλογέμιν,ιι1)ἰ</span> <span class='ocrx_word' id='word_1_11' title='bbox 884 538 1036 612; x_wconf 78' lang='lat' dir='ltr'>articulus</span> <span class='ocrx_word' id='word_1_12' title='bbox 1054 530 1218 638; x_wconf 66' lang='lat' dir='ltr'>pilignili·</span> <span class='ocrx_word' id='word_1_13' title='bbox 1262 565 1320 612; x_wconf 86' lang='lat' dir='ltr'>nur</span> <span class='ocrx_word' id='word_1_14' title='bbox 1338 538 1390 611; x_wconf 93' lang='lat' dir='ltr'>lib.</span> <span class='ocrx_word' id='word_1_15' title='bbox 1407 543 1468 613; x_wconf 92' lang='lat' dir='ltr'>Vl.</span> <span class='ocrx_word' id='word_1_16' title='bbox 1480 558 1593 612; x_wconf 84' lang='lat' dir='ltr'>contra</span> <span class='ocrx_word' id='word_1_17' title='bbox 1606 534 1767 611; x_wconf 82' lang='lat' dir='ltr'>Donatill.</span> <span class='ocrx_word' id='word_1_18' title='bbox 1788 558 1859 631; x_wconf 85' lang='lat' dir='ltr'>cap.</span> <span class='ocrx_word' id='word_1_19' title='bbox 1881 558 1935 616; x_wconf 86' lang='lat'>25·</span> <span class='ocrx_word' id='word_1_20' title='bbox 1988 540 2072 635; x_wconf 77' lang='lat' dir='ltr'>Quis</span> <span class='ocrx_word' id='word_1_21' title='bbox 2088 567 2145 615; x_wconf 87' lang='lat' dir='ltr'>rte.</span> 
     </span>
    </p>

    <p class='ocr_par' dir='ltr' id='par_1_3' title="bbox 307 632 2271 1625">
     <span class='ocr_line' id='line_1_3' title="bbox 342 632 2148 736; baseline 0.004 -30"><span class='ocrx_word' id='word_1_22' title='bbox 342 659 397 706; x_wconf 90' lang='lat' dir='ltr'>cat</span> <span class='ocrx_word' id='word_1_23' title='bbox 409 636 669 711; x_wconf 76' lang='lat' dir='ltr'>benedidlionem</span> <span class='ocrx_word' id='word_1_24' title='bbox 684 637 725 710; x_wconf 88' lang='lat' dir='ltr'>ad</span> <span class='ocrx_word' id='word_1_25' title='bbox 734 635 866 710; x_wconf 86' lang='lat' dir='ltr'>calicem</span> <span class='ocrx_word' id='word_1_26' title='bbox 878 637 1121 711; x_wconf 81' lang='lat' dir='ltr'>eucharisticum</span> <span class='ocrx_word' id='word_1_27' title='bbox 1137 640 1215 709; x_wconf 90' lang='lat' dir='ltr'>diri·</span> <span class='ocrx_word' id='word_1_28' title='bbox 1251 639 1359 733; x_wconf 78' lang='lat' dir='ltr'>stiot,</span> <span class='ocrx_word' id='word_1_29' title='bbox 1384 664 1450 710; x_wconf 82' lang='lat' dir='ltr'>eoa</span> <span class='ocrx_word' id='word_1_30' title='bbox 1467 638 1522 736; x_wconf 78' lang='lat' dir='ltr'>effe</span> <span class='ocrx_word' id='word_1_31' title='bbox 1541 637 1734 734; x_wconf 82' lang='lat' dir='ltr'>baptismum</span> <span class='ocrx_word' id='word_1_32' title='bbox 1748 632 1869 730; x_wconf 67' lang='lat' dir='ltr'>Christi</span> <span class='ocrx_word' id='word_1_33' title='bbox 1878 636 1927 732; x_wconf 79' lang='lat' dir='ltr'>,st</span> <span class='ocrx_word' id='word_1_34' title='bbox 1936 641 2031 709; x_wconf 85' lang='lat' dir='ltr'>uerbo</span> <span class='ocrx_word' id='word_1_35' title='bbox 2048 637 2148 713; x_wconf 77' lang='lat' dir='ltr'>euon-</span> 
     </span>
     <span class='ocr_line' id='line_1_4' title="bbox 342 727 2143 836; baseline 0.003 -31"><span class='ocrx_word' id='word_1_36' title='bbox 342 733 490 827; x_wconf 83' lang='lat' dir='ltr'>gendatn</span> <span class='ocrx_word' id='word_1_37' title='bbox 509 727 592 814; x_wconf 84' lang='lat' dir='ltr'>else,</span> <span class='ocrx_word' id='word_1_38' title='bbox 616 736 706 836; x_wconf 94' lang='lat' dir='ltr'>quod</span> <span class='ocrx_word' id='word_1_39' title='bbox 730 740 816 808; x_wconf 88' lang='lat' dir='ltr'>enim</span> <span class='ocrx_word' id='word_1_40' title='bbox 839 753 936 809; x_wconf 80' lang='lat' dir='ltr'>voert</span> <span class='ocrx_word' id='word_1_41' title='bbox 961 734 1128 821; x_wconf 68' lang='lat' dir='ltr'>moriem</span> <span class='ocrx_word' id='word_1_42' title='bbox 1156 743 1218 825; x_wconf 75' lang='lat' dir='ltr'>rie</span> <span class='ocrx_word' id='word_1_43' title='bbox 1259 739 1383 836; x_wconf 77' lang='lat' dir='ltr'>gedec,</span> <span class='ocrx_word' id='word_1_44' title='bbox 1408 742 1523 833; x_wconf 84' lang='lat' dir='ltr'>quibus</span> <span class='ocrx_word' id='word_1_45' title='bbox 1531 737 1713 836; x_wconf 80' lang='lat' dir='ltr'>sytnbolrtm</span> <span class='ocrx_word' id='word_1_46' title='bbox 1726 732 1868 831; x_wconf 83' lang='lat' dir='ltr'>constat,</span> <span class='ocrx_word' id='word_1_47' title='bbox 1883 735 2143 832; x_wconf 77' lang='lat' dir='ltr'>illiedesoerint?</span> 
     </span>
     <span class='ocr_line' id='line_1_5' title="bbox 341 830 2143 935; baseline 0.002 -29"><span class='ocrx_word' id='word_1_48' title='bbox 341 830 524 929; x_wconf 55' lang='lat' dir='ltr'>inuentae.</span> <span class='ocrx_word' id='word_1_49' title='bbox 550 859 590 906; x_wconf 88' lang='lat' dir='ltr'>eo</span> <span class='ocrx_word' id='word_1_50' title='bbox 608 833 677 932; x_wconf 88' lang='lat' dir='ltr'>ipso</span> <span class='ocrx_word' id='word_1_51' title='bbox 691 832 971 933; x_wconf 90' lang='lat' dir='ltr'>docet,poculum</span> <span class='ocrx_word' id='word_1_52' title='bbox 986 834 1064 907; x_wconf 89' lang='lat' dir='ltr'>illud</span> <span class='ocrx_word' id='word_1_53' title='bbox 1087 835 1128 908; x_wconf 83' lang='lat' dir='ltr'>ab</span> <span class='ocrx_word' id='word_1_54' title='bbox 1147 834 1217 932; x_wconf 92' lang='lat' dir='ltr'>ipso</span> <span class='ocrx_word' id='word_1_55' title='bbox 1262 834 1364 935; x_wconf 77' lang='lat' dir='ltr'>Quod</span> <span class='ocrx_word' id='word_1_56' title='bbox 1392 853 1501 907; x_wconf 87' lang='lat' dir='ltr'>autern</span> <span class='ocrx_word' id='word_1_57' title='bbox 1526 834 1743 910; x_wconf 82' lang='lat' dir='ltr'>Bellarrninur</span> <span class='ocrx_word' id='word_1_58' title='bbox 1764 831 1875 912; x_wconf 83' lang='lat' dir='ltr'>addit,</span> <span class='ocrx_word' id='word_1_59' title='bbox 1899 835 2081 911; x_wconf 82' lang='lat' dir='ltr'>Lattlreram</span> <span class='ocrx_word' id='word_1_60' title='bbox 2107 839 2143 910; x_wconf 91' lang='lat' dir='ltr'>in</span> 
     </span>
     <span class='ocr_line' id='line_1_6' title="bbox 341 930 2183 1031; baseline 0.003 -30"><span class='ocrx_word' id='word_1_61' title='bbox 341 933 473 1003; x_wconf 85' lang='lat' dir='ltr'>Christo</span> <span class='ocrx_word' id='word_1_62' title='bbox 490 935 522 1001; x_wconf 92' lang='lat' dir='ltr'>in</span> <span class='ocrx_word' id='word_1_63' title='bbox 544 936 651 1027; x_wconf 89' lang='lat' dir='ltr'>prima</span> <span class='ocrx_word' id='word_1_64' title='bbox 666 931 864 1005; x_wconf 82' lang='lat' dir='ltr'>institutione</span> <span class='ocrx_word' id='word_1_65' title='bbox 889 959 989 1006; x_wconf 85' lang='lat' dir='ltr'>crenae</span> <span class='ocrx_word' id='word_1_66' title='bbox 1011 932 1217 1007; x_wconf 69' lang='lat' dir='ltr'>benedidium</span> <span class='ocrx_word' id='word_1_67' title='bbox 1262 933 1320 1009; x_wconf 87' lang='lat' dir='ltr'>lib.</span> <span class='ocrx_word' id='word_1_68' title='bbox 1337 932 1378 1007; x_wconf 93' lang='lat' dir='ltr'>de</span> <span class='ocrx_word' id='word_1_69' title='bbox 1394 938 1508 1031; x_wconf 78' lang='lat' dir='ltr'><strong>captiv.</strong></span> <span class='ocrx_word' id='word_1_70' title='bbox 1530 931 1688 1024; x_wconf 80' lang='lat' dir='ltr'>Babylon.</span> <span class='ocrx_word' id='word_1_71' title='bbox 1712 958 1782 1029; x_wconf 85' lang='lat' dir='ltr'>cap.</span> <span class='ocrx_word' id='word_1_72' title='bbox 1810 930 1854 1004; x_wconf 86' lang='lat' dir='ltr'>de</span> <span class='ocrx_word' id='word_1_73' title='bbox 1875 931 1959 1030; x_wconf 88' lang='lat' dir='ltr'>bapt.</span> <span class='ocrx_word' id='word_1_74' title='bbox 1973 934 2141 1030; x_wconf 82' lang='lat' dir='ltr'>statuere,</span> <span class='ocrx_word' id='word_1_75' title='bbox 2164 949 2183 986; x_wconf 76' lang='lat'>⁸</span> 
     </span>
     <span class='ocr_line' id='line_1_7' title="bbox 307 1022 2271 1129; baseline 0.002 -29"><span class='ocrx_word' id='word_1_76' title='bbox 307 1022 429 1111; x_wconf 61' lang='lat' dir='ltr'>nse,</span> <span class='ocrx_word' id='word_1_77' title='bbox 471 1027 550 1102; x_wconf 82' lang='lat' dir='ltr'>licut</span> <span class='ocrx_word' id='word_1_78' title='bbox 578 1030 730 1103; x_wconf 69' lang='lat' dir='ltr'>contrilu</span> <span class='ocrx_word' id='word_1_79' title='bbox 751 1028 794 1102; x_wconf 93' lang='lat' dir='ltr'>sui</span> <span class='ocrx_word' id='word_1_80' title='bbox 816 1056 876 1104; x_wconf 93' lang='lat' dir='ltr'>cor</span> <span class='ocrx_word' id='word_1_81' title='bbox 923 1034 966 1103; x_wconf 86' lang='lat' dir='ltr'>rir</span> <span class='ocrx_word' id='word_1_82' title='bbox 996 1036 1091 1106; x_wconf 86' lang='lat' dir='ltr'>etiarn</span> <span class='ocrx_word' id='word_1_83' title='bbox 1120 1057 1216 1129; x_wconf 80' lang='lat' dir='ltr'>aquae</span> <span class='ocrx_word' id='word_1_84' title='bbox 1260 1058 1325 1104; x_wconf 84' lang='lat' dir='ltr'>ttorr</span> <span class='ocrx_word' id='word_1_85' title='bbox 1341 1035 1463 1129; x_wconf 78' lang='lat' dir='ltr'><em>requiri</em></span> <span class='ocrx_word' id='word_1_86' title='bbox 1481 1046 1568 1106; x_wconf 77' lang='lat' dir='ltr'>certa</span> <span class='ocrx_word' id='word_1_87' title='bbox 1587 1034 1685 1104; x_wconf 83' lang='lat' dir='ltr'>uerbo</span> <span class='ocrx_word' id='word_1_88' title='bbox 1701 1032 1978 1125; x_wconf 80' lang='lat' dir='ltr'>infrtcrameattir,</span> <span class='ocrx_word' id='word_1_89' title='bbox 2005 1058 2076 1105; x_wconf 81' lang='lat' dir='ltr'>rtem</span> <span class='ocrx_word' id='word_1_90' title='bbox 2092 1038 2141 1106; x_wconf 89' lang='lat' dir='ltr'>di·</span> <span class='ocrx_word' id='word_1_91' title='bbox 2267 1097 2271 1104; x_wconf 88' lang='grc'><em>,</em></span> 
     </span>
     <span class='ocr_line' id='line_1_8' title="bbox 340 1121 2142 1234; baseline 0.004 -38"><span class='ocrx_word' id='word_1_92' title='bbox 340 1122 492 1225; x_wconf 76' lang='lat' dir='ltr'>baptismi</span> <span class='ocrx_word' id='word_1_93' title='bbox 514 1121 757 1204; x_wconf 72' lang='lat' dir='ltr'>sannificaffea</span> <span class='ocrx_word' id='word_1_94' title='bbox 774 1134 875 1204; x_wconf 87' lang='lat' dir='ltr'>veteri</span> <span class='ocrx_word' id='word_1_95' title='bbox 900 1156 936 1203; x_wconf 79' lang='lat' dir='ltr'>ur</span> <span class='ocrx_word' id='word_1_96' title='bbox 958 1129 1094 1203; x_wconf 83' lang='lat' dir='ltr'>dicitur:</span> <span class='ocrx_word' id='word_1_97' title='bbox 1125 1129 1216 1231; x_wconf 90' lang='lat' dir='ltr'>quod</span> <span class='ocrx_word' id='word_1_98' title='bbox 1261 1144 1327 1217; x_wconf 84' lang='lat' dir='ltr'>tot,</span> <span class='ocrx_word' id='word_1_99' title='bbox 1344 1134 1465 1234; x_wconf 65' lang='lat' dir='ltr'>siquis</span> <span class='ocrx_word' id='word_1_100' title='bbox 1486 1137 1519 1204; x_wconf 85' lang='lat' dir='ltr'>iat</span> <span class='ocrx_word' id='word_1_101' title='bbox 1536 1135 1661 1204; x_wconf 81' lang='lat' dir='ltr'>nomiae</span> <span class='ocrx_word' id='word_1_102' title='bbox 1681 1132 1817 1202; x_wconf 82' lang='lat' dir='ltr'>Domini</span> <span class='ocrx_word' id='word_1_103' title='bbox 1829 1131 2025 1226; x_wconf 82' lang='lat' dir='ltr'>bnptismrtm</span> <span class='ocrx_word' id='word_1_104' title='bbox 2037 1132 2126 1227; x_wconf 82' lang='lat' dir='ltr'>susci</span> <span class='ocrx_word' id='word_1_105' title='bbox 2132 1177 2142 1193; x_wconf 90' lang='lat'><strong>·</strong></span> 
     </span>
     <span class='ocr_line' id='line_1_9' title="bbox 338 1221 2139 1331; baseline 0.006 -39"><span class='ocrx_word' id='word_1_106' title='bbox 338 1239 447 1299; x_wconf 84' lang='lat' dir='ltr'>autem</span> <span class='ocrx_word' id='word_1_107' title='bbox 460 1224 569 1307; x_wconf 88' lang='lat' dir='ltr'>addit,</span> <span class='ocrx_word' id='word_1_108' title='bbox 594 1226 640 1299; x_wconf 89' lang='lat' dir='ltr'>illi</span> <span class='ocrx_word' id='word_1_109' title='bbox 650 1226 768 1326; x_wconf 87' lang='lat' dir='ltr'>poculo</span> <span class='ocrx_word' id='word_1_110' title='bbox 784 1226 845 1316; x_wconf 75' lang='lat' dir='ltr'>rie</span> <span class='ocrx_word' id='word_1_111' title='bbox 858 1227 1021 1328; x_wconf 75' lang='grc' dir='ltr'>ἐυλογὶας</span> <span class='ocrx_word' id='word_1_112' title='bbox 1036 1221 1134 1314; x_wconf 86' lang='lat' dir='ltr'>etiam</span> <span class='ocrx_word' id='word_1_113' title='bbox 1154 1256 1215 1303; x_wconf 84' lang='lat' dir='ltr'>nor</span> <span class='ocrx_word' id='word_1_114' title='bbox 1254 1234 1354 1325; x_wconf 77' lang='lat' dir='ltr'>piot,</span> <span class='ocrx_word' id='word_1_115' title='bbox 1376 1233 1499 1331; x_wconf 75' lang='lat' dir='ltr'>etiamst</span> <span class='ocrx_word' id='word_1_116' title='bbox 1509 1232 1649 1327; x_wconf 81' lang='lat' dir='ltr'>minister</span> <span class='ocrx_word' id='word_1_117' title='bbox 1663 1233 1782 1324; x_wconf 82' lang='lat' dir='ltr'>impius</span> <span class='ocrx_word' id='word_1_118' title='bbox 1799 1255 1864 1301; x_wconf 85' lang='lat' dir='ltr'>non</span> <span class='ocrx_word' id='word_1_119' title='bbox 1881 1234 1933 1299; x_wconf 85' lang='lat' dir='ltr'>det</span> <span class='ocrx_word' id='word_1_120' title='bbox 1955 1232 1990 1301; x_wconf 83' lang='lat' dir='ltr'>in</span> <span class='ocrx_word' id='word_1_121' title='bbox 2013 1235 2139 1303; x_wconf 75' lang='lat' dir='ltr'>notitiae</span> 
     </span>
     <span class='ocr_line' id='line_1_10' title="bbox 339 1322 2253 1428; baseline 0.002 -31"><span class='ocrx_word' id='word_1_122' title='bbox 339 1322 547 1413; x_wconf 85' lang='lat' dir='ltr'>benedicere,</span> <span class='ocrx_word' id='word_1_123' title='bbox 573 1350 615 1398; x_wconf 91' lang='lat' dir='ltr'>eo</span> <span class='ocrx_word' id='word_1_124' title='bbox 631 1323 699 1425; x_wconf 87' lang='lat' dir='ltr'>ipso</span> <span class='ocrx_word' id='word_1_125' title='bbox 721 1325 837 1411; x_wconf 85' lang='lat' dir='ltr'>docet,</span> <span class='ocrx_word' id='word_1_126' title='bbox 862 1356 898 1404; x_wconf 86' lang='lat' dir='ltr'>ex</span> <span class='ocrx_word' id='word_1_127' title='bbox 913 1332 1124 1428; x_wconf 83' lang='lat' dir='ltr'>primacoena</span> <span class='ocrx_word' id='word_1_128' title='bbox 1144 1330 1213 1402; x_wconf 78' lang='lat' dir='ltr'>sen·</span> <span class='ocrx_word' id='word_1_129' title='bbox 1259 1330 1417 1411; x_wconf 77' lang='lat' dir='ltr'><em>Domini,</em></span> <span class='ocrx_word' id='word_1_130' title='bbox 1443 1354 1517 1402; x_wconf 83' lang='lat' dir='ltr'>eam</span> <span class='ocrx_word' id='word_1_131' title='bbox 1530 1355 1603 1402; x_wconf 86' lang='lat' dir='ltr'>vere</span> <span class='ocrx_word' id='word_1_132' title='bbox 1616 1326 1673 1427; x_wconf 77' lang='lat' dir='ltr'>effe</span> <span class='ocrx_word' id='word_1_133' title='bbox 1687 1331 1859 1400; x_wconf 81' lang='lat' dir='ltr'>innomine</span> <span class='ocrx_word' id='word_1_134' title='bbox 1878 1328 2142 1424; x_wconf 80' lang='lat' dir='ltr'>Dominibopti·</span> <span class='ocrx_word' id='word_1_135' title='bbox 2239 1409 2253 1426; x_wconf 44' lang='lat'><strong>⁴</strong></span> 
     </span>
     <span class='ocr_line' id='line_1_11' title="bbox 325 1419 2214 1528; baseline 0 -33"><span class='ocrx_word' id='word_1_136' title='bbox 325 1422 570 1498; x_wconf 76' lang='lat' dir='ltr'>¹blilioetionern</span> <span class='ocrx_word' id='word_1_137' title='bbox 590 1419 641 1497; x_wconf 91' lang='lat' dir='ltr'>seu</span> <span class='ocrx_word' id='word_1_138' title='bbox 657 1422 900 1502; x_wconf 75' lang='lat' dir='ltr'><strong>ordinationem</strong></span> <span class='ocrx_word' id='word_1_139' title='bbox 916 1429 1154 1501; x_wconf 83' lang='lat' dir='ltr'>elementorum</span> <span class='ocrx_word' id='word_1_140' title='bbox 1172 1424 1214 1499; x_wconf 90' lang='lat' dir='ltr'>ad</span> <span class='ocrx_word' id='word_1_141' title='bbox 1258 1439 1393 1515; x_wconf 83' lang='lat' dir='ltr'>zelum,</span> <span class='ocrx_word' id='word_1_142' title='bbox 1415 1428 1449 1501; x_wconf 91' lang='lat' dir='ltr'>id</span> <span class='ocrx_word' id='word_1_143' title='bbox 1468 1454 1675 1528; x_wconf 84' lang='lat' dir='ltr'>nequequam</span> <span class='ocrx_word' id='word_1_144' title='bbox 1684 1453 1729 1499; x_wconf 90' lang='lat' dir='ltr'>eo</span> <span class='ocrx_word' id='word_1_145' title='bbox 1740 1425 1955 1516; x_wconf 86' lang='lat' dir='ltr'>trahendum,</span> <span class='ocrx_word' id='word_1_146' title='bbox 1971 1427 2060 1522; x_wconf 88' lang='lat' dir='ltr'>quod</span> <span class='ocrx_word' id='word_1_147' title='bbox 2074 1428 2139 1499; x_wconf 85' lang='lat' dir='ltr'>Lu·</span> <span class='ocrx_word' id='word_1_148' title='bbox 2208 1485 2214 1495; x_wconf 94' lang='grc'><em>,</em></span> 
     </span>
     <span class='ocr_line' id='line_1_12' title="bbox 336 1519 2138 1625; baseline 0.002 -31"><span class='ocrx_word' id='word_1_149' title='bbox 336 1521 460 1599; x_wconf 82' lang='lat' dir='ltr'>sacrum</span> <span class='ocrx_word' id='word_1_150' title='bbox 478 1521 572 1595; x_wconf 89' lang='lat' dir='ltr'>usum</span> <span class='ocrx_word' id='word_1_151' title='bbox 588 1526 621 1594; x_wconf 91' lang='lat' dir='ltr'>in</span> <span class='ocrx_word' id='word_1_152' title='bbox 631 1550 745 1598; x_wconf 75' lang='lat' dir='ltr'>onmes</span> <span class='ocrx_word' id='word_1_153' title='bbox 759 1526 953 1624; x_wconf 83' lang='lat' dir='ltr'>polleriorea</span> <span class='ocrx_word' id='word_1_154' title='bbox 967 1551 1103 1599; x_wconf 83' lang='lat' dir='ltr'>crenara</span> <span class='ocrx_word' id='word_1_155' title='bbox 1118 1527 1215 1599; x_wconf 87' lang='lat' dir='ltr'>Chri·</span> <span class='ocrx_word' id='word_1_156' title='bbox 1258 1528 1367 1618; x_wconf 79' lang='lat' dir='ltr'>therus</span> <span class='ocrx_word' id='word_1_157' title='bbox 1392 1530 1521 1616; x_wconf 75' lang='lat' dir='ltr'>statuat,</span> <span class='ocrx_word' id='word_1_158' title='bbox 1549 1526 1676 1600; x_wconf 86' lang='lat' dir='ltr'>licitum</span> <span class='ocrx_word' id='word_1_159' title='bbox 1701 1519 1766 1596; x_wconf 85' lang='lat' dir='ltr'>effe</span> <span class='ocrx_word' id='word_1_160' title='bbox 1793 1525 1890 1597; x_wconf 85' lang='lat' dir='ltr'>verba</span> <span class='ocrx_word' id='word_1_161' title='bbox 1904 1525 2138 1625; x_wconf 78' lang='lat' dir='ltr'>substantialia</span> 
     </span>
    </p>

    <p class='ocr_par' dir='ltr' id='par_1_4' title="bbox 335 1617 2140 1723">
     <span class='ocr_line' id='line_1_13' title="bbox 335 1617 2140 1723; baseline 0.002 -31"><span class='ocrx_word' id='word_1_162' title='bbox 335 1619 387 1694; x_wconf 84' lang='lat' dir='ltr'>sio</span> <span class='ocrx_word' id='word_1_163' title='bbox 404 1648 462 1720; x_wconf 87' lang='lat' dir='ltr'>per</span> <span class='ocrx_word' id='word_1_164' title='bbox 474 1619 685 1695; x_wconf 81' lang='lat' dir='ltr'>ministerium</span> <span class='ocrx_word' id='word_1_165' title='bbox 698 1617 850 1723; x_wconf 76' lang='lat' dir='ltr'>usquead</span> <span class='ocrx_word' id='word_1_166' title='bbox 874 1624 973 1697; x_wconf 86' lang='lat' dir='ltr'>linem</span> <span class='ocrx_word' id='word_1_167' title='bbox 990 1624 1105 1697; x_wconf 87' lang='lat' dir='ltr'>mundi</span> <span class='ocrx_word' id='word_1_168' title='bbox 1128 1626 1213 1699; x_wconf 91' lang='lat' dir='ltr'>deri·</span> <span class='ocrx_word' id='word_1_169' title='bbox 1256 1628 1465 1701; x_wconf 74' lang='lat' dir='ltr'>institutionis</span> <span class='ocrx_word' id='word_1_170' title='bbox 1482 1623 1758 1701; x_wconf 84' lang='lat' dir='ltr'>sacramentorum</span> <span class='ocrx_word' id='word_1_171' title='bbox 1771 1646 1916 1704; x_wconf 83' lang='lat' dir='ltr'>mutare,</span> <span class='ocrx_word' id='word_1_172' title='bbox 1941 1625 2031 1722; x_wconf 74' lang='lat' dir='ltr'>cuius</span> <span class='ocrx_word' id='word_1_173' title='bbox 2051 1639 2140 1697; x_wconf 86' lang='lat' dir='ltr'>con-&#39;</span> 
     </span>
    </p>

    <p class='ocr_par' dir='ltr' id='par_1_5' title="bbox 332 1719 2280 2025">
     <span class='ocr_line' id='line_1_14' title="bbox 335 1719 2280 1822; baseline 0.004 -33"><span class='ocrx_word' id='word_1_174' title='bbox 335 1724 416 1793; x_wconf 84' lang='lat' dir='ltr'>vari.</span> <span class='ocrx_word' id='word_1_175' title='bbox 467 1726 548 1793; x_wconf 79' lang='lat' dir='ltr'>llaec</span> <span class='ocrx_word' id='word_1_176' title='bbox 569 1727 679 1793; x_wconf 89' lang='lat' dir='ltr'>omnia</span> <span class='ocrx_word' id='word_1_177' title='bbox 699 1720 723 1793; x_wconf 89' lang='lat' dir='ltr'>st</span> <span class='ocrx_word' id='word_1_178' title='bbox 745 1723 848 1821; x_wconf 84' lang='lat' dir='ltr'>probe</span> <span class='ocrx_word' id='word_1_179' title='bbox 865 1719 1092 1814; x_wconf 79' lang='lat' dir='ltr'>observentur,</span> <span class='ocrx_word' id='word_1_180' title='bbox 1117 1722 1212 1797; x_wconf 88' lang='lat' dir='ltr'>facile</span> <span class='ocrx_word' id='word_1_181' title='bbox 1257 1730 1391 1798; x_wconf 86' lang='lat' dir='ltr'>trariutn</span> <span class='ocrx_word' id='word_1_182' title='bbox 1414 1729 1448 1798; x_wconf 90' lang='lat' dir='ltr'>in</span> <span class='ocrx_word' id='word_1_183' title='bbox 1473 1724 1589 1800; x_wconf 90' lang='lat' dir='ltr'>homil.</span> <span class='ocrx_word' id='word_1_184' title='bbox 1606 1726 1646 1796; x_wconf 90' lang='lat' dir='ltr'>ll.</span> <span class='ocrx_word' id='word_1_185' title='bbox 1669 1722 1711 1796; x_wconf 90' lang='lat' dir='ltr'>de</span> <span class='ocrx_word' id='word_1_186' title='bbox 1726 1721 1887 1822; x_wconf 79' lang='lat' dir='ltr'>baptismo</span> <span class='ocrx_word' id='word_1_187' title='bbox 1908 1731 1945 1797; x_wconf 73' lang='lat' dir='ltr'>de</span> <span class='ocrx_word' id='word_1_188' title='bbox 1969 1722 2044 1796; x_wconf 89' lang='lat' dir='ltr'>alibi</span> <span class='ocrx_word' id='word_1_189' title='bbox 2064 1723 2137 1822; x_wconf 91' lang='lat' dir='ltr'>plua</span> <span class='ocrx_word' id='word_1_190' title='bbox 2275 1757 2280 1764; x_wconf 95' lang='lat'>·</span> 
     </span>
     <span class='ocr_line' id='line_1_15' title="bbox 333 1816 2137 1922; baseline 0.001 -31"><span class='ocrx_word' id='word_1_191' title='bbox 333 1819 586 1915; x_wconf 80' lang='lat' dir='ltr'>potest-judicari</span> <span class='ocrx_word' id='word_1_192' title='bbox 604 1821 646 1892; x_wconf 88' lang='lat' dir='ltr'>de</span> <span class='ocrx_word' id='word_1_193' title='bbox 660 1820 739 1907; x_wconf 83' lang='lat' dir='ltr'>illis,</span> <span class='ocrx_word' id='word_1_194' title='bbox 758 1847 829 1921; x_wconf 80' lang='lat' dir='ltr'>que</span> <span class='ocrx_word' id='word_1_195' title='bbox 842 1820 1054 1897; x_wconf 82' lang='lat' dir='ltr'>liellartninus</span> <span class='ocrx_word' id='word_1_196' title='bbox 1074 1824 1115 1896; x_wconf 91' lang='lat' dir='ltr'>de</span> <span class='ocrx_word' id='word_1_197' title='bbox 1133 1849 1211 1895; x_wconf 90' lang='lat' dir='ltr'>con·</span> <span class='ocrx_word' id='word_1_198' title='bbox 1253 1823 1372 1897; x_wconf 81' lang='lat' dir='ltr'>¹millies</span> <span class='ocrx_word' id='word_1_199' title='bbox 1385 1828 1544 1903; x_wconf 82' lang='lat' dir='ltr'>occurrit,</span> <span class='ocrx_word' id='word_1_200' title='bbox 1558 1821 1610 1896; x_wconf 89' lang='lat' dir='ltr'>sed</span> <span class='ocrx_word' id='word_1_201' title='bbox 1625 1822 1715 1922; x_wconf 91' lang='lat' dir='ltr'>quod</span> <span class='ocrx_word' id='word_1_202' title='bbox 1729 1816 1840 1894; x_wconf 89' lang='lat' dir='ltr'>fortna</span> <span class='ocrx_word' id='word_1_203' title='bbox 1853 1820 2001 1920; x_wconf 86' lang='lat' dir='ltr'>baptismi</span> <span class='ocrx_word' id='word_1_204' title='bbox 2017 1830 2137 1898; x_wconf 82' lang='lat' dir='ltr'>aGrae·</span> 
     </span>
     <span class='ocr_line' id='line_1_16' title="bbox 332 1913 2139 2025; baseline 0.002 -36"><span class='ocrx_word' id='word_1_205' title='bbox 332 1913 514 1990; x_wconf 77' lang='lat' dir='ltr'>sectatione</span> <span class='ocrx_word' id='word_1_206' title='bbox 530 1917 592 1989; x_wconf 88' lang='lat' dir='ltr'>late</span> <span class='ocrx_word' id='word_1_207' title='bbox 607 1916 755 2019; x_wconf 89' lang='lat' dir='ltr'>disputat.</span> <span class='ocrx_word' id='word_1_208' title='bbox 779 1920 903 2025; x_wconf 79' lang='lat' dir='ltr'>·Qod</span> <span class='ocrx_word' id='word_1_209' title='bbox 926 1925 1015 1996; x_wconf 92' lang='lat' dir='ltr'>enim</span> <span class='ocrx_word' id='word_1_210' title='bbox 1036 1946 1075 1998; x_wconf 83' lang='lat' dir='ltr'>ex</span> <span class='ocrx_word' id='word_1_211' title='bbox 1096 1923 1210 1995; x_wconf 79' lang='lat' dir='ltr'>recite-</span> <span class='ocrx_word' id='word_1_212' title='bbox 1241 1926 1299 1995; x_wconf 66' lang='lat' dir='ltr'>cic</span> <span class='ocrx_word' id='word_1_213' title='bbox 1323 1922 1467 2022; x_wconf 90' lang='lat' dir='ltr'>usurpata</span> <span class='ocrx_word' id='word_1_214' title='bbox 1483 1951 1493 2007; x_wconf 69' lang='grc' dir='ltr'><strong>ς</strong></span> <span class='ocrx_word' id='word_1_215' title='bbox 1512 1926 1715 2018; x_wconf 80' lang='lat' dir='ltr'>Baptizetrtr</span> <span class='ocrx_word' id='word_1_216' title='bbox 1732 1921 1851 2014; x_wconf 84' lang='lat' dir='ltr'>servus</span> <span class='ocrx_word' id='word_1_217' title='bbox 1873 1921 1953 1995; x_wconf 75' lang='lat' dir='ltr'>Cleri</span> <span class='ocrx_word' id='word_1_218' title='bbox 1979 1926 2011 2001; x_wconf 85' lang='lat' dir='ltr'>i,</span> <span class='ocrx_word' id='word_1_219' title='bbox 2036 1924 2139 2014; x_wconf 80' lang='lat' dir='ltr'>item·</span> 
     </span>
    </p>

    <p class='ocr_par' dir='ltr' id='par_1_6' title="bbox 325 2015 2258 3107">
     <span class='ocr_line' id='line_1_17' title="bbox 333 2015 2136 2121; baseline 0.001 -33"><span class='ocrx_word' id='word_1_220' title='bbox 333 2017 426 2089; x_wconf 87' lang='lat' dir='ltr'>tione</span> <span class='ocrx_word' id='word_1_221' title='bbox 448 2018 624 2089; x_wconf 81' lang='lat' dir='ltr'>verborum</span> <span class='ocrx_word' id='word_1_222' title='bbox 643 2022 849 2093; x_wconf 81' lang='lat' dir='ltr'>institutionis</span> <span class='ocrx_word' id='word_1_223' title='bbox 868 2028 904 2092; x_wconf 77' lang='grc' dir='ltr'>δι</span> <span class='ocrx_word' id='word_1_224' title='bbox 929 2020 1209 2094; x_wconf 82' lang='lat' dir='ltr'>administratione</span> <span class='ocrx_word' id='word_1_225' title='bbox 1243 2045 1320 2121; x_wconf 89' lang='lat' dir='ltr'>-que</span> <span class='ocrx_word' id='word_1_226' title='bbox 1339 2021 1391 2095; x_wconf 89' lang='lat' dir='ltr'>illa</span> <span class='ocrx_word' id='word_1_227' title='bbox 1409 2024 1449 2094; x_wconf 91' lang='lat' dir='ltr'>ab</span> <span class='ocrx_word' id='word_1_228' title='bbox 1465 2021 1618 2120; x_wconf 80' lang='lat' dir='ltr'>apostolia</span> <span class='ocrx_word' id='word_1_229' title='bbox 1631 2015 1797 2119; x_wconf 68' lang='lat' dir='ltr'>usurpatae</span> <span class='ocrx_word' id='word_1_230' title='bbox 1813 2023 1889 2119; x_wconf 88' lang='lat' dir='ltr'>Ego</span> <span class='ocrx_word' id='word_1_231' title='bbox 1904 2022 2081 2114; x_wconf 76' lang='lat' dir='ltr'>rebaptizo</span> <span class='ocrx_word' id='word_1_232' title='bbox 2099 2022 2136 2092; x_wconf 83' lang='lat' dir='ltr'>iet</span> 
     </span>
     <span class='ocr_line' id='line_1_18' title="bbox 331 2112 2201 2218; baseline 0.001 -31"><span class='ocrx_word' id='word_1_233' title='bbox 331 2112 608 2190; x_wconf 70' lang='lat' dir='ltr'>sacramentorum</span> <span class='ocrx_word' id='word_1_234' title='bbox 622 2120 656 2187; x_wconf 92' lang='lat' dir='ltr'>in</span> <span class='ocrx_word' id='word_1_235' title='bbox 672 2118 780 2217; x_wconf 86' lang='lat' dir='ltr'>lingua</span> <span class='ocrx_word' id='word_1_236' title='bbox 796 2117 963 2193; x_wconf 84' lang='lat' dir='ltr'>vernacula</span> <span class='ocrx_word' id='word_1_237' title='bbox 979 2120 1208 2218; x_wconf 82' lang='lat' dir='ltr'>colligit,&#39;not</span> <span class='ocrx_word' id='word_1_238' title='bbox 1243 2125 1383 2193; x_wconf 72' lang='lat' dir='ltr'>&#39;nomine</span> <span class='ocrx_word' id='word_1_239' title='bbox 1407 2122 1546 2217; x_wconf 75' lang='lat' dir='ltr'>Christi,</span> <span class='ocrx_word' id='word_1_240' title='bbox 1570 2133 1639 2191; x_wconf 86' lang='lat' dir='ltr'>non</span> <span class='ocrx_word' id='word_1_241' title='bbox 1662 2118 1799 2215; x_wconf 84' lang='lat' dir='ltr'>deroget</span> <span class='ocrx_word' id='word_1_242' title='bbox 1822 2120 1917 2211; x_wconf 81' lang='lat' dir='ltr'>hujus</span> <span class='ocrx_word' id='word_1_243' title='bbox 1941 2114 2157 2209; x_wconf 83' lang='lat' dir='ltr'>sacramenti</span> <span class='ocrx_word' id='word_1_244' title='bbox 2199 2173 2201 2178; x_wconf 47' lang='lat'>&gt;</span> 
     </span>
     <span class='ocr_line' id='line_1_19' title="bbox 331 2211 2258 2319; baseline 0.002 -36"><span class='ocrx_word' id='word_1_245' title='bbox 331 2212 1012 2290; x_wconf 79' lang='lat' dir='ltr'>verbis-sacramentalibustantummodoad</span> <span class='ocrx_word' id='word_1_246' title='bbox 1027 2219 1208 2298; x_wconf 72' lang='lat' dir='ltr'>instrudlio·</span> <span class='ocrx_word' id='word_1_247' title='bbox 1245 2220 1453 2319; x_wconf 78' lang='lat' dir='ltr'>integritati,</span> <span class='ocrx_word' id='word_1_248' title='bbox 1490 2220 1649 2316; x_wconf 88' lang='lat' dir='ltr'>quodque</span> <span class='ocrx_word' id='word_1_249' title='bbox 1673 2219 1851 2315; x_wconf 84' lang='lat' dir='ltr'>integritati</span> <span class='ocrx_word' id='word_1_250' title='bbox 1881 2211 2027 2313; x_wconf 82' lang='lat' dir='ltr'>baptismi</span> <span class='ocrx_word' id='word_1_251' title='bbox 2052 2212 2139 2310; x_wconf 79' lang='lat' dir='ltr'>nihil</span> <span class='ocrx_word' id='word_1_252' title='bbox 2251 2293 2258 2304; x_wconf 54' lang='grc'><strong>,</strong></span> 
     </span>
     <span class='ocr_line' id='line_1_20' title="bbox 331 2311 2133 2414; baseline 0.002 -31"><span class='ocrx_word' id='word_1_253' title='bbox 331 2338 410 2386; x_wconf 89' lang='lat' dir='ltr'>nern</span> <span class='ocrx_word' id='word_1_254' title='bbox 434 2311 638 2400; x_wconf 86' lang='lat' dir='ltr'>auditorum,</span> <span class='ocrx_word' id='word_1_255' title='bbox 653 2340 720 2388; x_wconf 92' lang='lat' dir='ltr'>non</span> <span class='ocrx_word' id='word_1_256' title='bbox 738 2333 846 2388; x_wconf 84' lang='lat' dir='ltr'>autem</span> <span class='ocrx_word' id='word_1_257' title='bbox 867 2316 908 2386; x_wconf 88' lang='lat' dir='ltr'>ad</span> <span class='ocrx_word' id='word_1_258' title='bbox 930 2312 1207 2390; x_wconf 86' lang='lat' dir='ltr'>consecrationem</span> <span class='ocrx_word' id='word_1_259' title='bbox 1253 2317 1410 2399; x_wconf 84' lang='lat' dir='ltr'>decedet,</span> <span class='ocrx_word' id='word_1_260' title='bbox 1431 2318 1456 2391; x_wconf 89' lang='lat' dir='ltr'>fi</span> <span class='ocrx_word' id='word_1_261' title='bbox 1479 2315 1529 2388; x_wconf 91' lang='lat' dir='ltr'>vel</span> <span class='ocrx_word' id='word_1_262' title='bbox 1562 2320 1706 2388; x_wconf 84' lang='lat' dir='ltr'>maxime</span> <span class='ocrx_word' id='word_1_263' title='bbox 1729 2315 1876 2386; x_wconf 88' lang='lat' dir='ltr'>miniller</span> <span class='ocrx_word' id='word_1_264' title='bbox 1903 2317 2033 2387; x_wconf 85' lang='lat' dir='ltr'>interius</span> <span class='ocrx_word' id='word_1_265' title='bbox 2055 2339 2133 2414; x_wconf 88' lang='lat' dir='ltr'>per-</span> 
     </span>
     <span class='ocr_line' id='line_1_21' title="bbox 329 2408 2133 2509; baseline 0.003 -27"><span class='ocrx_word' id='word_1_266' title='bbox 329 2410 570 2485; x_wconf 89' lang='lat' dir='ltr'>elementorum</span> <span class='ocrx_word' id='word_1_267' title='bbox 587 2417 650 2501; x_wconf 91' lang='lat' dir='ltr'>uti,</span> <span class='ocrx_word' id='word_1_268' title='bbox 674 2413 707 2485; x_wconf 92' lang='lat' dir='ltr'>id</span> <span class='ocrx_word' id='word_1_269' title='bbox 726 2410 908 2497; x_wconf 69' lang='lat' dir='ltr'>deiector</span> <span class='ocrx_word' id='word_1_270' title='bbox 934 2414 998 2501; x_wconf 82' lang='lat' dir='ltr'>est,</span> <span class='ocrx_word' id='word_1_271' title='bbox 1025 2424 1061 2490; x_wconf 79' lang='grc' dir='ltr'>δι</span> <span class='ocrx_word' id='word_1_272' title='bbox 1077 2442 1118 2489; x_wconf 86' lang='lat' dir='ltr'>ex</span> <span class='ocrx_word' id='word_1_273' title='bbox 1133 2412 1206 2488; x_wconf 83' lang='lat' dir='ltr'>seb·</span> <span class='ocrx_word' id='word_1_274' title='bbox 1251 2413 1379 2490; x_wconf 83' lang='lat' dir='ltr'>uersam</span> <span class='ocrx_word' id='word_1_275' title='bbox 1394 2414 1526 2490; x_wconf 81' lang='lat' dir='ltr'>haeresin</span> <span class='ocrx_word' id='word_1_276' title='bbox 1546 2438 1658 2486; x_wconf 86' lang='lat' dir='ltr'>contra</span> <span class='ocrx_word' id='word_1_277' title='bbox 1672 2408 1878 2509; x_wconf 70' lang='lat' dir='ltr'>sacrosancte</span> <span class='ocrx_word' id='word_1_278' title='bbox 1890 2414 2061 2486; x_wconf 85' lang='lat' dir='ltr'>Trinitatis</span> <span class='ocrx_word' id='word_1_279' title='bbox 2081 2439 2133 2487; x_wconf 82' lang='lat' dir='ltr'>ar·</span> 
     </span>
     <span class='ocr_line' id='line_1_22' title="bbox 329 2506 2128 2613; baseline 0.001 -31"><span class='ocrx_word' id='word_1_280' title='bbox 329 2506 588 2584; x_wconf 81' lang='lat' dir='ltr'>ordinariefecit</span> <span class='ocrx_word' id='word_1_281' title='bbox 608 2517 791 2611; x_wconf 78' lang='lat' dir='ltr'>pugnantia.</span> <span class='ocrx_word' id='word_1_282' title='bbox 830 2516 918 2585; x_wconf 86' lang='lat' dir='ltr'>Cum</span> <span class='ocrx_word' id='word_1_283' title='bbox 940 2519 1112 2588; x_wconf 90' lang='lat' dir='ltr'>enimnon</span> <span class='ocrx_word' id='word_1_284' title='bbox 1127 2540 1206 2613; x_wconf 91' lang='lat' dir='ltr'>pro-</span> <span class='ocrx_word' id='word_1_285' title='bbox 1253 2515 1387 2588; x_wconf 88' lang='lat' dir='ltr'>ticulum</span> <span class='ocrx_word' id='word_1_286' title='bbox 1402 2513 1528 2593; x_wconf 86' lang='lat' dir='ltr'>foveat,</span> <span class='ocrx_word' id='word_1_287' title='bbox 1552 2514 1654 2585; x_wconf 89' lang='lat' dir='ltr'>modo</span> <span class='ocrx_word' id='word_1_288' title='bbox 1669 2510 1902 2583; x_wconf 80' lang='lat' dir='ltr'>institutionem</span> <span class='ocrx_word' id='word_1_289' title='bbox 1916 2513 2042 2590; x_wconf 88' lang='lat' dir='ltr'>Christi</span> <span class='ocrx_word' id='word_1_290' title='bbox 2062 2512 2128 2585; x_wconf 88' lang='lat' dir='ltr'>ob·</span> 
     </span>
     <span class='ocr_line' id='line_1_23' title="bbox 327 2607 2131 2715; baseline 0.003 -33"><span class='ocrx_word' id='word_1_291' title='bbox 327 2625 546 2706; x_wconf 76' lang='lat' dir='ltr'>pterexterna</span> <span class='ocrx_word' id='word_1_292' title='bbox 563 2610 739 2691; x_wconf 88' lang='lat' dir='ltr'>elementa,</span> <span class='ocrx_word' id='word_1_293' title='bbox 764 2609 816 2684; x_wconf 90' lang='lat' dir='ltr'>sed</span> <span class='ocrx_word' id='word_1_294' title='bbox 829 2629 962 2710; x_wconf 89' lang='lat' dir='ltr'>propter</span> <span class='ocrx_word' id='word_1_295' title='bbox 973 2616 1143 2687; x_wconf 88' lang='lat' dir='ltr'>hominem</span> <span class='ocrx_word' id='word_1_296' title='bbox 1156 2607 1206 2684; x_wconf 84' lang='lat' dir='ltr'>sa·</span> <span class='ocrx_word' id='word_1_297' title='bbox 1238 2613 1374 2691; x_wconf 64' lang='lat' dir='ltr'>&#39;serven</span> <span class='ocrx_word' id='word_1_298' title='bbox 1401 2624 1437 2689; x_wconf 75' lang='grc' dir='ltr'>δι</span> <span class='ocrx_word' id='word_1_299' title='bbox 1464 2611 1554 2715; x_wconf 92' lang='lat' dir='ltr'>quod</span> <span class='ocrx_word' id='word_1_300' title='bbox 1577 2607 1667 2684; x_wconf 88' lang='lat' dir='ltr'>saluti</span> <span class='ocrx_word' id='word_1_301' title='bbox 1696 2608 1800 2688; x_wconf 73' lang='lat' dir='ltr'>iltius,</span> <span class='ocrx_word' id='word_1_302' title='bbox 1826 2613 1883 2705; x_wconf 73' lang='lat' dir='ltr'>qui</span> <span class='ocrx_word' id='word_1_303' title='bbox 1909 2616 1942 2682; x_wconf 75' lang='lat' dir='ltr'>ln</span> <span class='ocrx_word' id='word_1_304' title='bbox 1964 2638 2039 2684; x_wconf 81' lang='lat' dir='ltr'>vera</span> <span class='ocrx_word' id='word_1_305' title='bbox 2064 2612 2131 2687; x_wconf 83' lang='lat' dir='ltr'>fido</span> 
     </span>
     <span class='ocr_line' id='line_1_24' title="bbox 328 2705 2143 2810; baseline 0.002 -33"><span class='ocrx_word' id='word_1_306' title='bbox 328 2725 493 2781; x_wconf 84' lang='lat' dir='ltr'>eramenta</span> <span class='ocrx_word' id='word_1_307' title='bbox 509 2705 744 2788; x_wconf 83' lang='lat' dir='ltr'>lintinlliruta,</span> <span class='ocrx_word' id='word_1_308' title='bbox 767 2712 841 2784; x_wconf 88' lang='lat' dir='ltr'>ideo</span> <span class='ocrx_word' id='word_1_309' title='bbox 854 2716 888 2781; x_wconf 90' lang='lat' dir='ltr'>in</span> <span class='ocrx_word' id='word_1_310' title='bbox 904 2711 1012 2808; x_wconf 85' lang='lat' dir='ltr'>lingua</span> <span class='ocrx_word' id='word_1_311' title='bbox 1035 2711 1203 2784; x_wconf 84' lang='lat' dir='ltr'>vernacula</span> <span class='ocrx_word' id='word_1_312' title='bbox 1253 2710 1451 2810; x_wconf 76' lang='lat' dir='ltr'>baptismum</span> <span class='ocrx_word' id='word_1_313' title='bbox 1473 2715 1607 2809; x_wconf 88' lang='lat' dir='ltr'>accipit,</span> <span class='ocrx_word' id='word_1_314' title='bbox 1631 2707 1719 2780; x_wconf 89' lang='lat' dir='ltr'>nihil·</span> <span class='ocrx_word' id='word_1_315' title='bbox 1734 2705 1888 2793; x_wconf 87' lang='lat' dir='ltr'>decedat,</span> <span class='ocrx_word' id='word_1_316' title='bbox 1911 2706 1938 2780; x_wconf 87' lang='lat' dir='ltr'>st</span> <span class='ocrx_word' id='word_1_317' title='bbox 1956 2709 2007 2783; x_wconf 88' lang='lat' dir='ltr'>vel</span> <span class='ocrx_word' id='word_1_318' title='bbox 2027 2716 2143 2797; x_wconf 47' lang='lat' dir='ltr'>maxi„</span> 
     </span>
     <span class='ocr_line' id='line_1_25' title="bbox 326 2800 2130 2905; baseline 0.003 -29"><span class='ocrx_word' id='word_1_319' title='bbox 326 2802 473 2878; x_wconf 84' lang='lat' dir='ltr'>divinam</span> <span class='ocrx_word' id='word_1_320' title='bbox 493 2808 726 2881; x_wconf 85' lang='lat' dir='ltr'>institutionem</span> <span class='ocrx_word' id='word_1_321' title='bbox 742 2815 934 2905; x_wconf 80' lang='lat' dir='ltr'>repetimus,</span> <span class='ocrx_word' id='word_1_322' title='bbox 953 2818 989 2883; x_wconf 89' lang='lat'>&amp;</span> <span class='ocrx_word' id='word_1_323' title='bbox 1008 2811 1205 2884; x_wconf 85' lang='lat' dir='ltr'>sacrrmenta</span> <span class='ocrx_word' id='word_1_324' title='bbox 1252 2837 1305 2884; x_wconf 88' lang='lat' dir='ltr'>me</span> <span class='ocrx_word' id='word_1_325' title='bbox 1336 2810 1481 2883; x_wconf 86' lang='lat' dir='ltr'>ruiniller</span> <span class='ocrx_word' id='word_1_326' title='bbox 1506 2803 1661 2880; x_wconf 88' lang='lat' dir='ltr'>malitiose</span> <span class='ocrx_word' id='word_1_327' title='bbox 1687 2809 1783 2878; x_wconf 84' lang='lat' dir='ltr'>verba</span> <span class='ocrx_word' id='word_1_328' title='bbox 1811 2800 2049 2881; x_wconf 80' lang='lat' dir='ltr'>sacramentalia</span> <span class='ocrx_word' id='word_1_329' title='bbox 2067 2813 2130 2882; x_wconf 87' lang='lat' dir='ltr'>im·</span> 
     </span>
     <span class='ocr_line' id='line_1_26' title="bbox 327 2902 2159 3009; baseline 0.001 -31"><span class='ocrx_word' id='word_1_330' title='bbox 327 2903 607 2997; x_wconf 80' lang='lat' dir='ltr'>administramus,</span> <span class='ocrx_word' id='word_1_331' title='bbox 631 2932 668 2981; x_wconf 93' lang='lat' dir='ltr'>ut</span> <span class='ocrx_word' id='word_1_332' title='bbox 692 2905 1004 3005; x_wconf 80' lang='lat' dir='ltr'>ecclcfiaintclligat,</span> <span class='ocrx_word' id='word_1_333' title='bbox 1028 2911 1107 3009; x_wconf 85' lang='lat' dir='ltr'>quid</span> <span class='ocrx_word' id='word_1_334' title='bbox 1128 2933 1203 3009; x_wconf 84' lang='lat' dir='ltr'>aga·</span> <span class='ocrx_word' id='word_1_335' title='bbox 1252 2925 1363 2983; x_wconf 87' lang='lat' dir='ltr'>mutet.</span> <span class='ocrx_word' id='word_1_336' title='bbox 1412 2906 1518 3008; x_wconf 79' lang='lat' dir='ltr'>Qud</span> <span class='ocrx_word' id='word_1_337' title='bbox 1533 2907 1715 2980; x_wconf 87' lang='lat' dir='ltr'>deBrentio</span> <span class='ocrx_word' id='word_1_338' title='bbox 1730 2902 1830 2978; x_wconf 80' lang='lat' dir='ltr'>dicit.</span> <span class='ocrx_word' id='word_1_339' title='bbox 1846 2905 1949 2998; x_wconf 83' lang='lat' dir='ltr'>ipsum</span> <span class='ocrx_word' id='word_1_340' title='bbox 1970 2933 2034 2979; x_wconf 81' lang='lat' dir='ltr'>nort</span> <span class='ocrx_word' id='word_1_341' title='bbox 2049 2908 2159 2980; x_wconf 71' lang='lat' dir='ltr'>metl-¹</span> 
     </span>
     <span class='ocr_line' id='line_1_27' title="bbox 325 3000 2129 3107; baseline -0.002 -33"><span class='ocrx_word' id='word_1_342' title='bbox 325 3010 445 3093; x_wconf 64' lang='lat' dir='ltr'>tum&amp;</span> <span class='ocrx_word' id='word_1_343' title='bbox 456 3000 539 3077; x_wconf 85' lang='lat' dir='ltr'>fides</span> <span class='ocrx_word' id='word_1_344' title='bbox 550 3008 737 3079; x_wconf 85' lang='lat' dir='ltr'>auditorum</span> <span class='ocrx_word' id='word_1_345' title='bbox 755 3030 823 3079; x_wconf 89' lang='lat' dir='ltr'>ram</span> <span class='ocrx_word' id='word_1_346' title='bbox 842 3005 883 3080; x_wconf 90' lang='lat' dir='ltr'>de</span> <span class='ocrx_word' id='word_1_347' title='bbox 895 3004 1088 3088; x_wconf 83' lang='lat' dir='ltr'>substantia,</span> <span class='ocrx_word' id='word_1_348' title='bbox 1101 3033 1201 3107; x_wconf 86' lang='lat' dir='ltr'>quam</span> <span class='ocrx_word' id='word_1_349' title='bbox 1251 3024 1320 3083; x_wconf 82' lang='lat' dir='ltr'>taem</span> <span class='ocrx_word' id='word_1_350' title='bbox 1338 3032 1454 3079; x_wconf 82' lang='lat' dir='ltr'>cerere</span> <span class='ocrx_word' id='word_1_351' title='bbox 1462 3006 1700 3103; x_wconf 80' lang='lat' dir='ltr'>praescriptam</span> <span class='ocrx_word' id='word_1_352' title='bbox 1717 3028 1739 3074; x_wconf 85' lang='lat' dir='ltr'>o</span> <span class='ocrx_word' id='word_1_353' title='bbox 1757 3001 1881 3096; x_wconf 74' lang='lat' dir='ltr'>Cirrsso</span> <span class='ocrx_word' id='word_1_354' title='bbox 1899 3006 2049 3101; x_wconf 79' lang='lat' dir='ltr'>baptismi</span> <span class='ocrx_word' id='word_1_355' title='bbox 2051 3010 2129 3103; x_wconf 85' lang='lat' dir='ltr'>sor.</span> 
     </span>
    </p>

    <p class='ocr_par' dir='ltr' id='par_1_7' title="bbox 322 3096 2129 3395">
     <span class='ocr_line' id='line_1_28' title="bbox 322 3096 2128 3200; baseline 0.001 -25"><span class='ocrx_word' id='word_1_356' title='bbox 322 3101 371 3175; x_wconf 88' lang='lat' dir='ltr'>de</span> <span class='ocrx_word' id='word_1_357' title='bbox 383 3100 512 3176; x_wconf 83' lang='lat' dir='ltr'>solutari</span> <span class='ocrx_word' id='word_1_358' title='bbox 530 3102 636 3176; x_wconf 69' lang='lat' dir='ltr'>frusto</span> <span class='ocrx_word' id='word_1_359' title='bbox 649 3103 837 3186; x_wconf 53' lang='lat' dir='ltr'>&amp;crementi</span> <span class='ocrx_word' id='word_1_360' title='bbox 862 3110 1049 3180; x_wconf 88' lang='lat' dir='ltr'>recitatione</span> <span class='ocrx_word' id='word_1_361' title='bbox 1063 3106 1115 3178; x_wconf 86' lang='lat' dir='ltr'>illa</span> <span class='ocrx_word' id='word_1_362' title='bbox 1129 3130 1202 3180; x_wconf 86' lang='lat' dir='ltr'>ver·</span> <span class='ocrx_word' id='word_1_363' title='bbox 1249 3131 1337 3182; x_wconf 84' lang='lat' dir='ltr'>mam</span> <span class='ocrx_word' id='word_1_364' title='bbox 1354 3106 1519 3179; x_wconf 73' lang='lat' dir='ltr'>intererit.</span> <span class='ocrx_word' id='word_1_365' title='bbox 1538 3105 1584 3178; x_wconf 91' lang='lat' dir='ltr'>de·</span> <span class='ocrx_word' id='word_1_366' title='bbox 1598 3128 1639 3175; x_wconf 93' lang='lat' dir='ltr'>eo</span> <span class='ocrx_word' id='word_1_367' title='bbox 1663 3130 1700 3175; x_wconf 87' lang='lat' dir='ltr'>ex</span> <span class='ocrx_word' id='word_1_368' title='bbox 1718 3096 1784 3199; x_wconf 85' lang='lat' dir='ltr'>ipsa</span> <span class='ocrx_word' id='word_1_369' title='bbox 1810 3118 1911 3173; x_wconf 80' lang='lat' dir='ltr'>textus</span> <span class='ocrx_word' id='word_1_370' title='bbox 1932 3103 2128 3200; x_wconf 72' lang='lat' dir='ltr'>inspcilione</span> 
     </span>
     <span class='ocr_line' id='line_1_29' title="bbox 325 3196 2129 3302; baseline 0.001 -29"><span class='ocrx_word' id='word_1_371' title='bbox 325 3201 446 3273; x_wconf 92' lang='lat' dir='ltr'>borum</span> <span class='ocrx_word' id='word_1_372' title='bbox 475 3208 627 3276; x_wconf 87' lang='lat' dir='ltr'>excitetur</span> <span class='ocrx_word' id='word_1_373' title='bbox 653 3214 688 3278; x_wconf 76' lang='grc' dir='ltr'>δι</span> <span class='ocrx_word' id='word_1_374' title='bbox 708 3204 935 3278; x_wconf 85' lang='lat' dir='ltr'>confirmetur.</span> <span class='ocrx_word' id='word_1_375' title='bbox 986 3208 1071 3280; x_wconf 85' lang='lat' dir='ltr'>Finis</span> <span class='ocrx_word' id='word_1_376' title='bbox 1092 3198 1200 3281; x_wconf 67' lang='lat' dir='ltr'>sinon</span> <span class='ocrx_word' id='word_1_377' title='bbox 1249 3205 1380 3301; x_wconf 87' lang='lat' dir='ltr'>judicari</span> <span class='ocrx_word' id='word_1_378' title='bbox 1402 3204 1516 3302; x_wconf 85' lang='lat' dir='ltr'>potest.</span> <span class='ocrx_word' id='word_1_379' title='bbox 1568 3196 1704 3273; x_wconf 87' lang='lat' dir='ltr'>Causam</span> <span class='ocrx_word' id='word_1_380' title='bbox 1732 3197 1877 3271; x_wconf 83' lang='lat' dir='ltr'>efficaciae</span> <span class='ocrx_word' id='word_1_381' title='bbox 1900 3198 2053 3298; x_wconf 89' lang='lat' dir='ltr'>baptismi</span> <span class='ocrx_word' id='word_1_382' title='bbox 2078 3201 2129 3275; x_wconf 89' lang='lat' dir='ltr'>di·</span> 
     </span>
     <span class='ocr_line' id='line_1_30' title="bbox 327 3294 2128 3395; baseline 0.001 -25"><span class='ocrx_word' id='word_1_383' title='bbox 327 3298 412 3371; x_wconf 91' lang='lat' dir='ltr'>tollit</span> <span class='ocrx_word' id='word_1_384' title='bbox 425 3301 524 3373; x_wconf 85' lang='lat' dir='ltr'>linem</span> <span class='ocrx_word' id='word_1_385' title='bbox 538 3294 567 3376; x_wconf 70' lang='lat' dir='ltr'>oi</span> <span class='ocrx_word' id='word_1_386' title='bbox 574 3328 582 3372; x_wconf 74' lang='grc' dir='ltr'><strong>ε</strong></span> <span class='ocrx_word' id='word_1_387' title='bbox 611 3296 730 3378; x_wconf 67' lang='lat' dir='ltr'>Finisti</span> <span class='ocrx_word' id='word_1_388' title='bbox 750 3299 997 3377; x_wconf 86' lang='lat' dir='ltr'>consecrationis</span> <span class='ocrx_word' id='word_1_389' title='bbox 1023 3305 1068 3378; x_wconf 87' lang='lat' dir='ltr'>eil</span> <span class='ocrx_word' id='word_1_390' title='bbox 1084 3304 1201 3378; x_wconf 85' lang='lat' dir='ltr'>efficax</span> <span class='ocrx_word' id='word_1_391' title='bbox 1248 3309 1358 3376; x_wconf 79' lang='lat' dir='ltr'>vinam</span> <span class='ocrx_word' id='word_1_392' title='bbox 1383 3306 1417 3374; x_wconf 89' lang='lat' dir='ltr'>in</span> <span class='ocrx_word' id='word_1_393' title='bbox 1430 3300 1525 3376; x_wconf 74' lang='lat' dir='ltr'>literis</span> <span class='ocrx_word' id='word_1_394' title='bbox 1548 3306 1583 3373; x_wconf 87' lang='lat'>&amp;</span> <span class='ocrx_word' id='word_1_395' title='bbox 1609 3299 1729 3395; x_wconf 80' lang='lat' dir='ltr'>syllabis</span> <span class='ocrx_word' id='word_1_396' title='bbox 1755 3296 1931 3370; x_wconf 88' lang='lat' dir='ltr'>verboium</span> <span class='ocrx_word' id='word_1_397' title='bbox 1954 3297 2128 3372; x_wconf 84' lang='lat' dir='ltr'>constllcre</span> 
     </span>
    </p>
   </div>
   <div class='ocr_carea' id='block_1_3' title="bbox 325 3380 2126 3574">
    <p class='ocr_par' dir='ltr' id='par_1_8' title="bbox 325 3380 2126 3574">
     <span class='ocr_line' id='line_1_31' title="bbox 325 3380 2126 3574; baseline 0.001 -105"><span class='ocrx_word' id='word_1_398' title='bbox 325 3380 795 3476; x_wconf 76' lang='lat' dir='ltr'>sanntficatto&#39;etementorum</span> <span class='ocrx_word' id='word_1_399' title='bbox 814 3411 847 3476; x_wconf 84' lang='lat' dir='ltr'>dt</span> <span class='ocrx_word' id='word_1_400' title='bbox 861 3403 900 3474; x_wconf 87' lang='lat' dir='ltr'>ad</span> <span class='ocrx_word' id='word_1_401' title='bbox 915 3399 1008 3475; x_wconf 91' lang='lat' dir='ltr'>usum</span> <span class='ocrx_word' id='word_1_402' title='bbox 1020 3399 1199 3475; x_wconf 77' lang='lat' dir='ltr'>sacremen-</span> <span class='ocrx_word' id='word_1_403' title='bbox 1248 3424 1364 3574; x_wconf 63' lang='lat' dir='ltr'>nggat,</span> <span class='ocrx_word' id='word_1_404' title='bbox 1380 3397 1435 3473; x_wconf 89' lang='lat' dir='ltr'>scd</span> <span class='ocrx_word' id='word_1_405' title='bbox 1448 3403 1489 3474; x_wconf 90' lang='lat' dir='ltr'>ad</span> <span class='ocrx_word' id='word_1_406' title='bbox 1501 3398 1731 3473; x_wconf 82' lang='lat' dir='ltr'>institutionem</span> <span class='ocrx_word' id='word_1_407' title='bbox 1744 3395 1889 3469; x_wconf 82' lang='lat' dir='ltr'>divinam</span> <span class='ocrx_word' id='word_1_408' title='bbox 1901 3398 2126 3472; x_wconf 76' lang='lat' dir='ltr'>revocandam</span> 
     </span>
     <span class='ocr_line' id='line_1_32' title="bbox 1294 3528 1313 3572; baseline 0 0"><span class='ocrx_word' id='word_1_409' title='bbox 1294 3528 1313 3572; x_wconf 90' lang='lat' dir='ltr'>e</span> 
     </span>
    </p>
   </div>
   <div class='ocr_carea' id='block_1_4' title="bbox 279 3492 2266 5082">
    <p class='ocr_par' dir='ltr' id='par_1_9' title="bbox 279 3492 2266 5082">
     <span class='ocr_line' id='line_1_33' title="bbox 325 3492 2126 3599; baseline -0.001 -30"><span class='ocrx_word' id='word_1_410' title='bbox 325 3496 428 3571; x_wconf 85' lang='lat' dir='ltr'>talem</span> <span class='ocrx_word' id='word_1_411' title='bbox 441 3497 620 3575; x_wconf 87' lang='lat' dir='ltr'>destinatio.</span> <span class='ocrx_word' id='word_1_412' title='bbox 671 3492 792 3599; x_wconf 63' lang='lat' dir='ltr'>Finisr}</span> <span class='ocrx_word' id='word_1_413' title='bbox 812 3499 856 3572; x_wconf 92' lang='lat' dir='ltr'>ell</span> <span class='ocrx_word' id='word_1_414' title='bbox 869 3504 977 3574; x_wconf 88' lang='lat' dir='ltr'>homo</span> <span class='ocrx_word' id='word_1_415' title='bbox 991 3522 1083 3577; x_wconf 84' lang='lat' dir='ltr'>utens</span> <span class='ocrx_word' id='word_1_416' title='bbox 1096 3498 1200 3575; x_wconf 86' lang='lat' dir='ltr'>sacra·</span> <span class='ocrx_word' id='word_1_417' title='bbox 1250 3528 1267 3574; x_wconf 91' lang='lat' dir='ltr'>e</span> <span class='ocrx_word' id='word_1_418' title='bbox 1332 3499 1449 3582; x_wconf 82' lang='lat' dir='ltr'>docet,</span> <span class='ocrx_word' id='word_1_419' title='bbox 1476 3522 1680 3597; x_wconf 80' lang='lat' dir='ltr'>nequaquttn</span> <span class='ocrx_word' id='word_1_420' title='bbox 1696 3520 1774 3572; x_wconf 81' lang='lat' dir='ltr'>veto</span> <span class='ocrx_word' id='word_1_421' title='bbox 1799 3496 1893 3567; x_wconf 80' lang='lat' dir='ltr'>uerba</span> <span class='ocrx_word' id='word_1_422' title='bbox 1920 3495 2126 3570; x_wconf 82' lang='lat' dir='ltr'>inllitutionia</span> 
     </span>
     <span class='ocr_line' id='line_1_34' title="bbox 325 3591 2129 3692; baseline -0.002 -25"><span class='ocrx_word' id='word_1_423' title='bbox 325 3621 464 3681; x_wconf 81' lang='lat' dir='ltr'>mento,</span> <span class='ocrx_word' id='word_1_424' title='bbox 477 3607 592 3692; x_wconf 83' lang='lat' dir='ltr'>utejue</span> <span class='ocrx_word' id='word_1_425' title='bbox 609 3598 687 3673; x_wconf 82' lang='lat' dir='ltr'>fides</span> <span class='ocrx_word' id='word_1_426' title='bbox 702 3608 905 3673; x_wconf 86' lang='lat' dir='ltr'>excitetur&amp;</span> <span class='ocrx_word' id='word_1_427' title='bbox 922 3598 1137 3673; x_wconf 86' lang='lat' dir='ltr'>confirmetur</span> <span class='ocrx_word' id='word_1_428' title='bbox 1153 3596 1200 3670; x_wconf 87' lang='lat' dir='ltr'>sa·</span> <span class='ocrx_word' id='word_1_429' title='bbox 1249 3600 1301 3673; x_wconf 83' lang='lat' dir='ltr'>vel</span> <span class='ocrx_word' id='word_1_430' title='bbox 1323 3599 1475 3671; x_wconf 85' lang='lat' dir='ltr'>mutanda</span> <span class='ocrx_word' id='word_1_431' title='bbox 1495 3597 1545 3668; x_wconf 83' lang='lat' dir='ltr'>uel</span> <span class='ocrx_word' id='word_1_432' title='bbox 1566 3596 1747 3668; x_wconf 80' lang='lat' dir='ltr'>omittendo</span> <span class='ocrx_word' id='word_1_433' title='bbox 1758 3591 1833 3666; x_wconf 70' lang='lat' dir='ltr'>⁴&#39;else</span> <span class='ocrx_word' id='word_1_434' title='bbox 1851 3592 1966 3665; x_wconf 90' lang='lat' dir='ltr'>llatuit.</span> <span class='ocrx_word' id='word_1_435' title='bbox 2006 3601 2129 3671; x_wconf 83' lang='lat' dir='ltr'>&#39;Revo-</span> 
     </span>
     <span class='ocr_line' id='line_1_35' title="bbox 324 3690 2231 3797; baseline -0.002 -33"><span class='ocrx_word' id='word_1_436' title='bbox 324 3692 422 3765; x_wconf 85' lang='lat' dir='ltr'>lutari</span> <span class='ocrx_word' id='word_1_437' title='bbox 441 3692 628 3770; x_wconf 83' lang='lat' dir='ltr'>sacramenti</span> <span class='ocrx_word' id='word_1_438' title='bbox 644 3703 899 3797; x_wconf 86' lang='lat' dir='ltr'>participatione.</span> <span class='ocrx_word' id='word_1_439' title='bbox 926 3699 960 3768; x_wconf 91' lang='lat' dir='ltr'>N</span> <span class='ocrx_word' id='word_1_440' title='bbox 1003 3700 1200 3769; x_wconf 84' lang='lat' dir='ltr'>ueenimex</span> <span class='ocrx_word' id='word_1_441' title='bbox 1250 3720 1360 3768; x_wconf 84' lang='lat' dir='ltr'>camus</span> <span class='ocrx_word' id='word_1_442' title='bbox 1378 3694 1693 3768; x_wconf 80' lang='lat' dir='ltr'>auteanellarmino</span> <span class='ocrx_word' id='word_1_443' title='bbox 1707 3698 1740 3763; x_wconf 92' lang='lat' dir='ltr'>in</span> <span class='ocrx_word' id='word_1_444' title='bbox 1754 3711 1919 3767; x_wconf 86' lang='lat' dir='ltr'>mentem,</span> <span class='ocrx_word' id='word_1_445' title='bbox 1954 3690 2008 3784; x_wconf 86' lang='grc' dir='ltr'>ι.)</span> <span class='ocrx_word' id='word_1_446' title='bbox 2034 3691 2127 3792; x_wconf 88' lang='lat' dir='ltr'>quod</span> <span class='ocrx_word' id='word_1_447' title='bbox 2227 3707 2231 3714; x_wconf 80' lang='grc'>’</span> 
     </span>
     <span class='ocr_line' id='line_1_36' title="bbox 324 3786 2168 3895; baseline -0.002 -34"><span class='ocrx_word' id='word_1_448' title='bbox 324 3815 426 3889; x_wconf 90' lang='lat' dir='ltr'>opere</span> <span class='ocrx_word' id='word_1_449' title='bbox 445 3817 581 3891; x_wconf 83' lang='lat' dir='ltr'>operato</span> <span class='ocrx_word' id='word_1_450' title='bbox 598 3793 730 3894; x_wconf 90' lang='lat' dir='ltr'>prosunt</span> <span class='ocrx_word' id='word_1_451' title='bbox 745 3796 961 3873; x_wconf 76' lang='lat' dir='ltr'>sacramenta,</span> <span class='ocrx_word' id='word_1_452' title='bbox 990 3794 1028 3866; x_wconf 90' lang='lat' dir='ltr'>ed</span> <span class='ocrx_word' id='word_1_453' title='bbox 1043 3795 1141 3868; x_wconf 86' lang='lat' dir='ltr'>lidetn</span> <span class='ocrx_word' id='word_1_454' title='bbox 1157 3792 1200 3864; x_wconf 88' lang='lat' dir='ltr'>ad</span> <span class='ocrx_word' id='word_1_455' title='bbox 1250 3794 1383 3895; x_wconf 82' lang='lat' dir='ltr'>quidam</span> <span class='ocrx_word' id='word_1_456' title='bbox 1397 3786 2049 3888; x_wconf 83' lang='lat' dir='ltr'>exScb&#39;olasticisdisputent‚inlixivio‚in</span> <span class='ocrx_word' id='word_1_457' title='bbox 2061 3792 2127 3860; x_wconf 82' lang='lat' dir='ltr'>uri·</span> <span class='ocrx_word' id='word_1_458' title='bbox 2152 3803 2168 3811; x_wconf 81' lang='grc'>·</span> 
     </span>
     <span class='ocr_line' id='line_1_37' title="bbox 322 3882 2124 3996; baseline 0 -37"><span class='ocrx_word' id='word_1_459' title='bbox 322 3886 494 3964; x_wconf 87' lang='lat' dir='ltr'>salutarem</span> <span class='ocrx_word' id='word_1_460' title='bbox 530 3889 719 3966; x_wconf 86' lang='lat' dir='ltr'>sacramenti</span> <span class='ocrx_word' id='word_1_461' title='bbox 754 3896 844 3967; x_wconf 89' lang='lat' dir='ltr'>ulum</span> <span class='ocrx_word' id='word_1_462' title='bbox 867 3897 1022 3971; x_wconf 85' lang='lat' dir='ltr'>accedere</span> <span class='ocrx_word' id='word_1_463' title='bbox 1053 3910 1201 3996; x_wconf 85' lang='lat' dir='ltr'>oportet,</span> <span class='ocrx_word' id='word_1_464' title='bbox 1252 3917 1316 3973; x_wconf 86' lang='lat' dir='ltr'>na,</span> <span class='ocrx_word' id='word_1_465' title='bbox 1349 3894 1480 3987; x_wconf 85' lang='lat' dir='ltr'>injure</span> <span class='ocrx_word' id='word_1_466' title='bbox 1511 3894 1676 3969; x_wconf 84' lang='lat' dir='ltr'>carnium,</span> <span class='ocrx_word' id='word_1_467' title='bbox 1702 3893 1734 3959; x_wconf 89' lang='lat' dir='ltr'>in</span> <span class='ocrx_word' id='word_1_468' title='bbox 1761 3910 1844 3983; x_wconf 88' lang='lat' dir='ltr'>aqua</span> <span class='ocrx_word' id='word_1_469' title='bbox 1868 3882 2036 3983; x_wconf 86' lang='lat' dir='ltr'>paludosa,</span> <span class='ocrx_word' id='word_1_470' title='bbox 2061 3895 2124 3959; x_wconf 76' lang='lat' dir='ltr'>&amp;n</span> 
     </span>
     <span class='ocr_line' id='line_1_38' title="bbox 323 3983 2175 4092; baseline -0.003 -34"><span class='ocrx_word' id='word_1_471' title='bbox 323 3983 435 4063; x_wconf 92' lang='lat' dir='ltr'>utsuo</span> <span class='ocrx_word' id='word_1_472' title='bbox 456 3988 534 4063; x_wconf 90' lang='lat' dir='ltr'>loco</span> <span class='ocrx_word' id='word_1_473' title='bbox 553 3991 675 4092; x_wconf 80' lang='lat' dir='ltr'>plenius</span> <span class='ocrx_word' id='word_1_474' title='bbox 702 3990 1002 4068; x_wconf 82' lang='lat' dir='ltr'>demonstrabimus.</span> <span class='ocrx_word' id='word_1_475' title='bbox 1072 4005 1075 4011; x_wconf 87' lang='lat'>&#39;</span> <span class='ocrx_word' id='word_1_476' title='bbox 1187 3999 1197 4010; x_wconf 81' lang='grc'><em>”</em></span> <span class='ocrx_word' id='word_1_477' title='bbox 1251 3989 1419 4088; x_wconf 84' lang='lat' dir='ltr'>fieripolse</span> <span class='ocrx_word' id='word_1_478' title='bbox 1432 3988 1624 4087; x_wconf 73' lang='lat' dir='ltr'>baptismum</span> <span class='ocrx_word' id='word_1_479' title='bbox 1634 3985 1796 4082; x_wconf 82' lang='lat' dir='ltr'>,dtqood</span> <span class='ocrx_word' id='word_1_480' title='bbox 1812 3984 2125 4062; x_wconf 81' lang='lat' dir='ltr'>InnocentiusVlll.</span> <span class='ocrx_word' id='word_1_481' title='bbox 2172 4000 2175 4004; x_wconf 88' lang='grc'>’</span> 
     </span>
     <span class='ocr_line' id='line_1_39' title="bbox 1252 4080 2126 4183; baseline -0.011 -18"><span class='ocrx_word' id='word_1_482' title='bbox 1252 4088 1413 4165; x_wconf 88' lang='lat' dir='ltr'>referente</span> <span class='ocrx_word' id='word_1_483' title='bbox 1434 4089 1648 4161; x_wconf 77' lang='lat' dir='ltr'>Volaterrano</span> <span class='ocrx_word' id='word_1_484' title='bbox 1667 4083 1722 4157; x_wconf 90' lang='lat' dir='ltr'>lib.</span> <span class='ocrx_word' id='word_1_485' title='bbox 1744 4083 1824 4163; x_wconf 86' lang='lat' dir='ltr'>Vll.</span> <span class='ocrx_word' id='word_1_486' title='bbox 1844 4106 1959 4183; x_wconf 82' lang='lat' dir='ltr'>geogr.</span> <span class='ocrx_word' id='word_1_487' title='bbox 1974 4080 2126 4178; x_wconf 85' lang='lat' dir='ltr'>permise-</span> 
     </span>
     <span class='ocr_line' id='line_1_40' title="bbox 647 4181 2177 4291; baseline -0.011 -22"><span class='ocrx_word' id='word_1_488' title='bbox 647 4188 684 4291; x_wconf 51' lang='grc' dir='ltr'>ᾗ.</span> <span class='ocrx_word' id='word_1_489' title='bbox 724 4193 802 4270; x_wconf 88' lang='lat' dir='ltr'>Lll.</span> <span class='ocrx_word' id='word_1_490' title='bbox 844 4194 925 4289; x_wconf 87' lang='lat' dir='ltr'>Cap.</span> <span class='ocrx_word' id='word_1_491' title='bbox 968 4215 1022 4262; x_wconf 85' lang='lat'>2¹.</span> <span class='ocrx_word' id='word_1_492' title='bbox 1063 4188 1202 4290; x_wconf 88' lang='lat' dir='ltr'>disputat</span> <span class='ocrx_word' id='word_1_493' title='bbox 1251 4181 1887 4285; x_wconf 82' lang='lat' dir='ltr'>ritNorvegisusuntalteriurliquoria</span> <span class='ocrx_word' id='word_1_494' title='bbox 1910 4184 2070 4278; x_wconf 87' lang='lat' dir='ltr'>provino</span> <span class='ocrx_word' id='word_1_495' title='bbox 2090 4183 2124 4252; x_wconf 90' lang='lat' dir='ltr'>itt</span> <span class='ocrx_word' id='word_1_496' title='bbox 2171 4243 2177 4252; x_wconf 89' lang='lat'>.</span> 
     </span>
     <span class='ocr_line' id='line_1_41' title="bbox 320 4277 2125 4402; baseline -0.008 -35"><span class='ocrx_word' id='word_1_497' title='bbox 320 4331 425 4402; x_wconf 57' lang='lat' dir='ltr'>Ru&amp;</span> <span class='ocrx_word' id='word_1_498' title='bbox 445 4335 529 4398; x_wconf 78' lang='lat' dir='ltr'>verbe</span> <span class='ocrx_word' id='word_1_499' title='bbox 598 4293 810 4364; x_wconf 75' lang='lat' dir='ltr'>bellarminus</span> <span class='ocrx_word' id='word_1_500' title='bbox 836 4315 858 4362; x_wconf 74' lang='grc' dir='ltr'>τ·</span> <span class='ocrx_word' id='word_1_501' title='bbox 880 4316 931 4363; x_wconf 83' lang='lat' dir='ltr'>res</span> <span class='ocrx_word' id='word_1_502' title='bbox 955 4291 1003 4367; x_wconf 68' lang='lat'>89&#39;</span> <span class='ocrx_word' id='word_1_503' title='bbox 1027 4295 1123 4361; x_wconf 82' lang='lat' dir='ltr'>verde</span> <span class='ocrx_word' id='word_1_504' title='bbox 1142 4294 1204 4389; x_wconf 78' lang='lat' dir='ltr'>se.</span> <span class='ocrx_word' id='word_1_505' title='bbox 1251 4290 1336 4364; x_wconf 84' lang='lat' dir='ltr'>sacra</span> <span class='ocrx_word' id='word_1_506' title='bbox 1366 4311 1468 4357; x_wconf 86' lang='lat' dir='ltr'>coena.</span> <span class='ocrx_word' id='word_1_507' title='bbox 1520 4285 1580 4375; x_wconf 87' lang='lat'>2.)</span> <span class='ocrx_word' id='word_1_508' title='bbox 1602 4278 1914 4374; x_wconf 84' lang='lat' dir='ltr'>QrodGuiliclutus</span> <span class='ocrx_word' id='word_1_509' title='bbox 1941 4303 2010 4377; x_wconf 85' lang='lat' dir='ltr'>cap.</span> <span class='ocrx_word' id='word_1_510' title='bbox 2031 4302 2060 4347; x_wconf 85' lang='lat' dir='ltr'>a.</span> <span class='ocrx_word' id='word_1_511' title='bbox 2083 4277 2125 4355; x_wconf 86' lang='lat' dir='ltr'>de</span> 
     </span>
     <span class='ocr_line' id='line_1_42' title="bbox 279 4377 2124 4504; baseline -0.011 -41"><span class='ocrx_word' id='word_1_512' title='bbox 279 4405 280 4411; x_wconf 77' lang='grc'>’</span> <span class='ocrx_word' id='word_1_513' title='bbox 343 4420 529 4504; x_wconf 65' lang='lat' dir='ltr'>fimmm.</span> <span class='ocrx_word' id='word_1_514' title='bbox 600 4401 836 4461; x_wconf 71' lang='lat' dir='ltr'>cruentatorum</span> <span class='ocrx_word' id='word_1_515' title='bbox 887 4394 936 4462; x_wconf 85' lang='lat' dir='ltr'>itn</span> <span class='ocrx_word' id='word_1_516' title='bbox 989 4386 1045 4486; x_wconf 72' lang='lat' dir='ltr'>effi</span> <span class='ocrx_word' id='word_1_517' title='bbox 1093 4394 1199 4462; x_wconf 86' lang='lat' dir='ltr'>deter-</span> <span class='ocrx_word' id='word_1_518' title='bbox 1250 4382 1422 4486; x_wconf 88' lang='lat' dir='ltr'>baptismo,</span> <span class='ocrx_word' id='word_1_519' title='bbox 1435 4378 1581 4481; x_wconf 84' lang='lat' dir='ltr'>personis</span> <span class='ocrx_word' id='word_1_520' title='bbox 1595 4383 1765 4454; x_wconf 74' lang='lat' dir='ltr'>Trinitatis</span> <span class='ocrx_word' id='word_1_521' title='bbox 1779 4377 1886 4471; x_wconf 80' lang='lat' dir='ltr'>adjicit</span> <span class='ocrx_word' id='word_1_522' title='bbox 1900 4378 2046 4456; x_wconf 78' lang='lat' dir='ltr'>Marlatu</span> <span class='ocrx_word' id='word_1_523' title='bbox 2062 4383 2124 4450; x_wconf 83' lang='lat' dir='ltr'>vir.</span> 
     </span>
     <span class='ocr_line' id='line_1_43' title="bbox 341 4471 2266 4582; baseline -0.009 -21"><span class='ocrx_word' id='word_1_524' title='bbox 341 4497 528 4578; x_wconf 78' lang='lat' dir='ltr'>ramstnnde·</span> <span class='ocrx_word' id='word_1_525' title='bbox 597 4494 751 4568; x_wconf 80' lang='lat' dir='ltr'>minoto,</span> <span class='ocrx_word' id='word_1_526' title='bbox 777 4504 815 4559; x_wconf 82' lang='lat' dir='ltr'>ot</span> <span class='ocrx_word' id='word_1_527' title='bbox 852 4489 932 4560; x_wconf 83' lang='lat' dir='ltr'>etilrt&#39;l</span> <span class='ocrx_word' id='word_1_528' title='bbox 967 4494 1083 4560; x_wconf 81' lang='lat' dir='ltr'>addere</span> <span class='ocrx_word' id='word_1_529' title='bbox 1102 4538 1116 4566; x_wconf 86' lang='lat'>,</span> <span class='ocrx_word' id='word_1_530' title='bbox 1141 4494 1223 4561; x_wconf 70' lang='lat' dir='ltr'>mi.</span> <span class='ocrx_word' id='word_1_531' title='bbox 1272 4491 1367 4582; x_wconf 83' lang='lat' dir='ltr'>inem.</span> <span class='ocrx_word' id='word_1_532' title='bbox 1422 4482 1481 4572; x_wconf 79' lang='lat'>3.)</span> <span class='ocrx_word' id='word_1_533' title='bbox 1503 4479 1603 4581; x_wconf 78' lang='lat' dir='ltr'>Quod</span> <span class='ocrx_word' id='word_1_534' title='bbox 1625 4485 1660 4554; x_wconf 91' lang='lat' dir='ltr'>in</span> <span class='ocrx_word' id='word_1_535' title='bbox 1672 4503 1797 4552; x_wconf 86' lang='lat' dir='ltr'>canone</span> <span class='ocrx_word' id='word_1_536' title='bbox 1818 4472 1915 4545; x_wconf 75' lang='lat' dir='ltr'>missor</span> <span class='ocrx_word' id='word_1_537' title='bbox 1932 4471 2030 4547; x_wconf 87' lang='lat' dir='ltr'>verba</span> <span class='ocrx_word' id='word_1_538' title='bbox 2043 4501 2124 4549; x_wconf 84' lang='lat' dir='ltr'>con·</span> <span class='ocrx_word' id='word_1_539' title='bbox 2263 4549 2266 4554; x_wconf 63' lang='grc'>,</span> 
     </span>
     <span class='ocr_line' id='line_1_44' title="bbox 351 4514 2124 4681; baseline -0.014 -10"><span class='ocrx_word' id='word_1_540' title='bbox 351 4584 512 4664; x_wconf 57' lang='lat' dir='ltr'>mim·</span> <span class='ocrx_word' id='word_1_541' title='bbox 597 4615 694 4660; x_wconf 73' lang='lat' dir='ltr'>nuere</span> <span class='ocrx_word' id='word_1_542' title='bbox 718 4603 778 4660; x_wconf 70' lang='lat' dir='ltr'>avt</span> <span class='ocrx_word' id='word_1_543' title='bbox 794 4602 922 4659; x_wconf 70' lang='lat' dir='ltr'>tertiare</span> <span class='ocrx_word' id='word_1_544' title='bbox 937 4590 1051 4664; x_wconf 70' lang='lat' dir='ltr'>liceat,</span> <span class='ocrx_word' id='word_1_545' title='bbox 1078 4612 1140 4681; x_wconf 80' lang='lat' dir='ltr'>qua</span> <span class='ocrx_word' id='word_1_546' title='bbox 1166 4592 1200 4660; x_wconf 92' lang='lat' dir='ltr'>in</span> <span class='ocrx_word' id='word_1_547' title='bbox 1248 4514 1432 4659; x_wconf 74' lang='lat' dir='ltr'>sectationis</span> <span class='ocrx_word' id='word_1_548' title='bbox 1449 4581 1658 4658; x_wconf 66' lang='lat' dir='ltr'>mutilentur,</span> <span class='ocrx_word' id='word_1_549' title='bbox 1674 4582 1749 4676; x_wconf 88' lang='lat' dir='ltr'>quia</span> <span class='ocrx_word' id='word_1_550' title='bbox 1762 4578 1957 4649; x_wconf 82' lang='lat' dir='ltr'>omittuntur</span> <span class='ocrx_word' id='word_1_551' title='bbox 1973 4575 2039 4645; x_wconf 80' lang='lat' dir='ltr'>hec</span> <span class='ocrx_word' id='word_1_552' title='bbox 2055 4598 2124 4648; x_wconf 86' lang='lat' dir='ltr'>ver·</span> 
     </span>
     <span class='ocr_line' id='line_1_45' title="bbox 595 4670 2124 4786; baseline -0.009 -26"><span class='ocrx_word' id='word_1_553' title='bbox 595 4706 684 4786; x_wconf 83' lang='lat' dir='ltr'>parte</span> <span class='ocrx_word' id='word_1_554' title='bbox 704 4714 764 4759; x_wconf 87' lang='lat' dir='ltr'>nos</span> <span class='ocrx_word' id='word_1_555' title='bbox 790 4685 847 4757; x_wconf 82' lang='lat' dir='ltr'>fibi</span> <span class='ocrx_word' id='word_1_556' title='bbox 874 4688 968 4775; x_wconf 83' lang='lat' dir='ltr'>habet</span> <span class='ocrx_word' id='word_1_557' title='bbox 988 4680 1198 4784; x_wconf 62' lang='grc' dir='ltr'>ὁμοψῆφες,</span> <span class='ocrx_word' id='word_1_558' title='bbox 1249 4682 1738 4780; x_wconf 76' lang='lat' dir='ltr'>ba‚qato&#39;dprooobistroditter,</span> <span class='ocrx_word' id='word_1_559' title='bbox 1764 4670 1934 4747; x_wconf 89' lang='lat' dir='ltr'>miscentur</span> <span class='ocrx_word' id='word_1_560' title='bbox 1947 4670 2071 4748; x_wconf 81' lang='lat' dir='ltr'>aliena,</span> <span class='ocrx_word' id='word_1_561' title='bbox 2087 4679 2124 4747; x_wconf 80' lang='lat' dir='ltr'>dt</span> 
     </span>
     <span class='ocr_line' id='line_1_46' title="bbox 286 4764 2123 4877; baseline -0.013 -12"><span class='ocrx_word' id='word_1_562' title='bbox 286 4861 288 4865; x_wconf 87' lang='lat'>.</span> <span class='ocrx_word' id='word_1_563' title='bbox 323 4828 399 4877; x_wconf 86' lang='lat' dir='ltr'>curn</span> <span class='ocrx_word' id='word_1_564' title='bbox 416 4804 505 4874; x_wconf 87' lang='lat' dir='ltr'>enirn</span> <span class='ocrx_word' id='word_1_565' title='bbox 522 4790 758 4866; x_wconf 86' lang='lat' dir='ltr'>sacramentum</span> <span class='ocrx_word' id='word_1_566' title='bbox 775 4812 792 4857; x_wconf 87' lang='lat' dir='ltr'>a</span> <span class='ocrx_word' id='word_1_567' title='bbox 810 4789 873 4856; x_wconf 89' lang='lat' dir='ltr'>Dei</span> <span class='ocrx_word' id='word_1_568' title='bbox 892 4784 1090 4860; x_wconf 89' lang='lat' dir='ltr'>inllitutione</span> <span class='ocrx_word' id='word_1_569' title='bbox 1105 4791 1200 4857; x_wconf 90' lang='lat' dir='ltr'>unice</span> <span class='ocrx_word' id='word_1_570' title='bbox 1250 4779 1367 4854; x_wconf 84' lang='lat' dir='ltr'>vocula</span> <span class='ocrx_word' id='word_1_571' title='bbox 1394 4783 1476 4854; x_wconf 80' lang='lat' dir='ltr'>reim</span> <span class='ocrx_word' id='word_1_572' title='bbox 1498 4778 1660 4873; x_wconf 78' lang='lat' dir='ltr'>judicetur</span> <span class='ocrx_word' id='word_1_573' title='bbox 1674 4769 1773 4875; x_wconf 90' lang='lat' dir='ltr'>ipsam</span> <span class='ocrx_word' id='word_1_574' title='bbox 1789 4771 1932 4845; x_wconf 86' lang='lat' dir='ltr'>formant</span> <span class='ocrx_word' id='word_1_575' title='bbox 1957 4764 2123 4842; x_wconf 87' lang='lat' dir='ltr'>consecra·</span> 
     </span>
     <span class='ocr_line' id='line_1_47' title="bbox 322 4866 2124 5002; baseline -0.021 -24"><span class='ocrx_word' id='word_1_576' title='bbox 322 4900 525 5002; x_wconf 83' lang='lat' dir='ltr'>dependeat,</span> <span class='ocrx_word' id='word_1_577' title='bbox 553 4891 664 4983; x_wconf 86' lang='lat' dir='ltr'>utique</span> <span class='ocrx_word' id='word_1_578' title='bbox 687 4886 820 4983; x_wconf 87' lang='lat' dir='ltr'>quando</span> <span class='ocrx_word' id='word_1_579' title='bbox 842 4878 1082 4962; x_wconf 80' lang='lat' dir='ltr'>nonlacintus,</span> <span class='ocrx_word' id='word_1_580' title='bbox 1108 4881 1198 4979; x_wconf 90' lang='lat' dir='ltr'>quod</span> <span class='ocrx_word' id='word_1_581' title='bbox 1250 4883 1349 4955; x_wconf 83' lang='lat' dir='ltr'>tionis</span> <span class='ocrx_word' id='word_1_582' title='bbox 1372 4877 1519 4977; x_wconf 70' lang='lat' dir='ltr'>ingredi.</span> <span class='ocrx_word' id='word_1_583' title='bbox 1545 4894 1749 4951; x_wconf 87' lang='lat' dir='ltr'>curntatnen</span> <span class='ocrx_word' id='word_1_584' title='bbox 1763 4866 1975 4943; x_wconf 86' lang='lat' dir='ltr'>nonsuerita</span> <span class='ocrx_word' id='word_1_585' title='bbox 1991 4868 2124 4940; x_wconf 85' lang='lat' dir='ltr'>Clttillo</span> 
     </span>
     <span class='ocr_line' id='line_1_48' title="bbox 321 4964 2124 5082; baseline -0.018 -7"><span class='ocrx_word' id='word_1_586' title='bbox 321 5001 411 5074; x_wconf 80' lang='lat' dir='ltr'>Deut&#39;</span> <span class='ocrx_word' id='word_1_587' title='bbox 430 4991 580 5071; x_wconf 77' lang='lat' dir='ltr'>instituitl,</span> <span class='ocrx_word' id='word_1_588' title='bbox 594 4987 826 5058; x_wconf 81' lang='lat' dir='ltr'>srtcramentum</span> <span class='ocrx_word' id='word_1_589' title='bbox 845 5005 915 5054; x_wconf 87' lang='lat' dir='ltr'>non</span> <span class='ocrx_word' id='word_1_590' title='bbox 936 4985 1005 5055; x_wconf 85' lang='lat' dir='ltr'>etit.</span> <span class='ocrx_word' id='word_1_591' title='bbox 1051 4981 1202 5082; x_wconf 71' lang='lat' dir='ltr'>Augulli«</span> <span class='ocrx_word' id='word_1_592' title='bbox 1248 4981 1399 5076; x_wconf 76' lang='lat' dir='ltr'>inprime</span> <span class='ocrx_word' id='word_1_593' title='bbox 1414 5001 1507 5078; x_wconf 82' lang='lat' dir='ltr'>parte</span> <span class='ocrx_word' id='word_1_594' title='bbox 1528 4974 1621 5077; x_wconf 75' lang='lat' dir='ltr'>sacrat</span> <span class='ocrx_word' id='word_1_595' title='bbox 1635 4974 1739 5051; x_wconf 72' lang='lat' dir='ltr'>coenae&#39;</span> <span class='ocrx_word' id='word_1_596' title='bbox 1757 4964 1914 5067; x_wconf 74' lang='lat' dir='ltr'>usurpata.</span> <span class='ocrx_word' id='word_1_597' title='bbox 1964 4965 2124 5043; x_wconf 80' lang='lat' dir='ltr'>Celerum</span> 
     </span>
    </p>
   </div>
   <div class='ocr_carea' id='block_1_5' title="bbox 373 5061 2124 5193">
    <p class='ocr_par' dir='ltr' id='par_1_10' title="bbox 373 5061 2124 5193">
     <span class='ocr_line' id='line_1_49' title="bbox 373 5061 2124 5193; baseline -0.007 -21"><span class='ocrx_word' id='word_1_598' title='bbox 373 5102 468 5174; x_wconf 70' lang='lat' dir='ltr'>rom.</span> <span class='ocrx_word' id='word_1_599' title='bbox 496 5091 599 5166; x_wconf 78' lang='lat' dir='ltr'>Vnt.</span> <span class='ocrx_word' id='word_1_600' title='bbox 1225 5159 1230 5168; x_wconf 86' lang='grc'><strong>,</strong></span> <span class='ocrx_word' id='word_1_601' title='bbox 1295 5076 1381 5151; x_wconf 72' lang='lat' dir='ltr'>tlh</span> <span class='ocrx_word' id='word_1_602' title='bbox 1685 5187 1689 5193; x_wconf 75' lang='lat'>.</span> <span class='ocrx_word' id='word_1_603' title='bbox 2056 5061 2124 5137; x_wconf 73' lang='lat'>¹¹00</span> 
     </span>
    </p>
   </div>
   <div class='ocr_carea' id='block_1_6' title="bbox 0 0 2454 5809">
    <p class='ocr_par' dir='ltr' id='par_1_11' title="bbox 0 0 2454 5809">
     <span class='ocr_line' id='line_1_50' title="bbox 0 0 2454 5809; baseline 0 11"><span class='ocrx_word' id='word_1_604' title='bbox 0 0 2454 5809; x_wconf 95' lang='lat' dir='ltr'> </span> 
     </span>
    </p>
   </div>
  </div>
 </body>
</html>
