<?xml version="1.0" encoding="UTF-8"?>
<!DOCTYPE html PUBLIC "-//W3C//DTD XHTML 1.0 Transitional//EN"
    "http://www.w3.org/TR/xhtml1/DTD/xhtml1-transitional.dtd">
<html xmlns="http://www.w3.org/1999/xhtml" xml:lang="en" lang="en">
 <head>
  <title>
</title>
<meta http-equiv="Content-Type" content="text/html;charset=utf-8" />
  <meta name='ocr-system' content='tesseract 3.04.00' />
  <meta name='ocr-capabilities' content='ocr_page ocr_carea ocr_par ocr_line ocrx_word'/>
</head>
<body>
  <div class='ocr_page' id='page_1' title='image "./locitheologicic00cottgoog/locitheologicic00cottgoog_0627.png"; bbox 0 0 4900 5809; ppageno 0'>
   <div class='ocr_carea' id='block_1_1' title="bbox 312 338 1485 457">
    <p class='ocr_par' dir='ltr' id='par_1_1' title="bbox 312 338 1485 457">
     <span class='ocr_line' id='line_1_1' title="bbox 312 338 1485 457; baseline -0.008 -19"><span class='ocrx_word' id='word_1_1' title='bbox 312 382 384 457; x_wconf 75' lang='lat'><strong>272</strong></span> <span class='ocrx_word' id='word_1_2' title='bbox 788 378 791 382; x_wconf 43' lang='lat'>¹</span> <span class='ocrx_word' id='word_1_3' title='bbox 878 338 884 344; x_wconf 83' lang='grc'><em>’</em></span> <span class='ocrx_word' id='word_1_4' title='bbox 958 355 1091 434; x_wconf 81' lang='lat' dir='ltr'><strong>noct</strong></span> <span class='ocrx_word' id='word_1_5' title='bbox 1114 355 1213 431; x_wconf 86' lang='lat' dir='ltr'><strong>xrx.</strong></span> <span class='ocrx_word' id='word_1_6' title='bbox 1260 358 1371 434; x_wconf 76' lang='lat' dir='ltr'><strong>car.</strong></span> <span class='ocrx_word' id='word_1_7' title='bbox 1395 361 1485 431; x_wconf 88' lang='lat' dir='ltr'><strong>vtr.</strong></span> 
     </span>
    </p>
   </div>
   <div class='ocr_carea' id='block_1_2' title="bbox 215 527 2126 1826">
    <p class='ocr_par' dir='ltr' id='par_1_2' title="bbox 215 527 2126 1826">
     <span class='ocr_line' id='line_1_2' title="bbox 215 527 2122 636; baseline 0.001 -26"><span class='ocrx_word' id='word_1_8' title='bbox 215 592 220 595; x_wconf 84' lang='lat'><em>-</em></span> <span class='ocrx_word' id='word_1_9' title='bbox 316 544 366 611; x_wconf 77' lang='lat' dir='ltr'><strong>ria</strong></span> <span class='ocrx_word' id='word_1_10' title='bbox 391 533 523 636; x_wconf 80' lang='lat' dir='ltr'><strong>quidem</strong></span> <span class='ocrx_word' id='word_1_11' title='bbox 546 527 692 630; x_wconf 75' lang='lat' dir='ltr'><strong>relpeiiu</strong></span> <span class='ocrx_word' id='word_1_12' title='bbox 725 533 956 608; x_wconf 75' lang='lat' dir='ltr'><strong>omnimodam</strong></span> <span class='ocrx_word' id='word_1_13' title='bbox 989 535 1193 610; x_wconf 83' lang='lat' dir='ltr'><strong>identitatem</strong></span> <span class='ocrx_word' id='word_1_14' title='bbox 1239 560 1289 610; x_wconf 84' lang='lat' dir='ltr'><strong>nar</strong></span> <span class='ocrx_word' id='word_1_15' title='bbox 1311 530 1494 607; x_wconf 84' lang='lat' dir='ltr'><strong>rellimonia</strong></span> <span class='ocrx_word' id='word_1_16' title='bbox 1523 535 1653 611; x_wconf 83' lang='lat' dir='ltr'><strong>&amp;fidei</strong></span> <span class='ocrx_word' id='word_1_17' title='bbox 1674 534 1969 622; x_wconf 60' lang='lat' dir='ltr'><strong>confirmationem</strong></span> <span class='ocrx_word' id='word_1_18' title='bbox 1994 540 2122 613; x_wconf 85' lang='lat' dir='ltr'><strong>cumin</strong></span> 
     </span>
     <span class='ocr_line' id='line_1_3' title="bbox 318 630 2121 737; baseline -0.001 -25"><span class='ocrx_word' id='word_1_19' title='bbox 318 636 524 712; x_wconf 69' lang='lat' dir='ltr'><strong>sacramentis</strong></span> <span class='ocrx_word' id='word_1_20' title='bbox 545 650 605 703; x_wconf 82' lang='lat' dir='ltr'><strong>vet.</strong></span> <span class='ocrx_word' id='word_1_21' title='bbox 627 641 662 705; x_wconf 71' lang='lat' dir='ltr'><strong>dc</strong></span> <span class='ocrx_word' id='word_1_22' title='bbox 677 657 755 709; x_wconf 87' lang='lat' dir='ltr'><strong>nov.</strong></span> <span class='ocrx_word' id='word_1_23' title='bbox 779 635 846 707; x_wconf 86' lang='lat' dir='ltr'><strong>tesi.</strong></span> <span class='ocrx_word' id='word_1_24' title='bbox 863 635 981 707; x_wconf 92' lang='lat' dir='ltr'><strong>tribuat</strong></span> <span class='ocrx_word' id='word_1_25' title='bbox 989 642 1002 717; x_wconf 82' lang='lat'><strong>,&#39;</strong></span> <span class='ocrx_word' id='word_1_26' title='bbox 1028 663 1091 737; x_wconf 88' lang='lat' dir='ltr'><strong>qua</strong></span> <span class='ocrx_word' id='word_1_27' title='bbox 1111 638 1195 711; x_wconf 89' lang='lat' dir='ltr'><strong>veri·</strong></span> <span class='ocrx_word' id='word_1_28' title='bbox 1242 630 1328 707; x_wconf 83' lang='lat' dir='ltr'><strong>hisce</strong></span> <span class='ocrx_word' id='word_1_29' title='bbox 1345 636 1430 729; x_wconf 74' lang='lat' dir='ltr'><strong>typis</strong></span> <span class='ocrx_word' id='word_1_30' title='bbox 1444 633 1587 708; x_wconf 88' lang='lat' dir='ltr'><strong>salutaria</strong></span> <span class='ocrx_word' id='word_1_31' title='bbox 1608 635 1729 709; x_wconf 88' lang='lat' dir='ltr'><strong>Chrilii</strong></span> <span class='ocrx_word' id='word_1_32' title='bbox 1750 635 1912 709; x_wconf 87' lang='lat' dir='ltr'><strong>beneficia</strong></span> <span class='ocrx_word' id='word_1_33' title='bbox 1931 663 2004 712; x_wconf 92' lang='lat' dir='ltr'><strong>non</strong></span> <span class='ocrx_word' id='word_1_34' title='bbox 2019 636 2121 711; x_wconf 89' lang='lat' dir='ltr'><strong>solunt</strong></span> 
     </span>
     <span class='ocr_line' id='line_1_4' title="bbox 320 729 2122 837; baseline 0.001 -28"><span class='ocrx_word' id='word_1_35' title='bbox 320 741 393 809; x_wconf 81' lang='lat' dir='ltr'><strong>tatis</strong></span> <span class='ocrx_word' id='word_1_36' title='bbox 415 733 516 835; x_wconf 85' lang='lat' dir='ltr'><strong>specie</strong></span> <span class='ocrx_word' id='word_1_37' title='bbox 540 730 604 803; x_wconf 92' lang='lat' dir='ltr'><strong>dici</strong></span> <span class='ocrx_word' id='word_1_38' title='bbox 620 729 743 830; x_wconf 86' lang='lat' dir='ltr'><strong>potest,</strong></span> <span class='ocrx_word' id='word_1_39' title='bbox 768 735 862 830; x_wconf 90' lang='lat' dir='ltr'><strong>quod</strong></span> <span class='ocrx_word' id='word_1_40' title='bbox 895 739 1020 809; x_wconf 86' lang='lat' dir='ltr'><strong>ratione</strong></span> <span class='ocrx_word' id='word_1_41' title='bbox 1048 734 1193 836; x_wconf 73' lang='lat' dir='ltr'><strong>effruticet</strong></span> <span class='ocrx_word' id='word_1_42' title='bbox 1243 736 1288 807; x_wconf 91' lang='lat' dir='ltr'><strong>ob</strong></span> <span class='ocrx_word' id='word_1_43' title='bbox 1311 732 1424 803; x_wconf 80' lang='lat' dir='ltr'><strong>oculor</strong></span> <span class='ocrx_word' id='word_1_44' title='bbox 1441 730 1500 805; x_wconf 85' lang='lat' dir='ltr'><strong>libi</strong></span> <span class='ocrx_word' id='word_1_45' title='bbox 1527 758 1589 830; x_wconf 94' lang='lat' dir='ltr'><strong>pro</strong></span> <span class='ocrx_word' id='word_1_46' title='bbox 1614 734 1693 806; x_wconf 85' lang='lat' dir='ltr'><strong>ostta</strong></span> <span class='ocrx_word' id='word_1_47' title='bbox 1723 738 1848 807; x_wconf 76' lang='lat' dir='ltr'><strong>eminus</strong></span> <span class='ocrx_word' id='word_1_48' title='bbox 1869 733 2122 837; x_wconf 81' lang='lat' dir='ltr'><strong>conspexerint,</strong></span> 
     </span>
     <span class='ocr_line' id='line_1_5' title="bbox 319 760 2123 930; baseline 0 -22"><span class='ocrx_word' id='word_1_49' title='bbox 319 830 518 909; x_wconf 85' lang='lat' dir='ltr'><strong>sacramenta</strong></span> <span class='ocrx_word' id='word_1_50' title='bbox 538 850 601 902; x_wconf 89' lang='lat' dir='ltr'><strong>vet.</strong></span> <span class='ocrx_word' id='word_1_51' title='bbox 619 837 653 905; x_wconf 71' lang='grc' dir='ltr'><strong>ὅ(</strong></span> <span class='ocrx_word' id='word_1_52' title='bbox 668 856 743 905; x_wconf 85' lang='lat' dir='ltr'><strong>nou.</strong></span> <span class='ocrx_word' id='word_1_53' title='bbox 755 831 828 904; x_wconf 88' lang='lat' dir='ltr'><strong>tell.</strong></span> <span class='ocrx_word' id='word_1_54' title='bbox 842 831 958 905; x_wconf 83' lang='lat' dir='ltr'><strong>eadem</strong></span> <span class='ocrx_word' id='word_1_55' title='bbox 980 830 1044 908; x_wconf 86' lang='lat' dir='ltr'><strong>else</strong></span> <span class='ocrx_word' id='word_1_56' title='bbox 1066 839 1196 914; x_wconf 89' lang='lat' dir='ltr'><strong>statuat,</strong></span> <span class='ocrx_word' id='word_1_57' title='bbox 1243 829 1299 906; x_wconf 89' lang='lat' dir='ltr'><strong>led</strong></span> <span class='ocrx_word' id='word_1_58' title='bbox 1317 838 1351 903; x_wconf 90' lang='lat'><strong>&amp;</strong></span> <span class='ocrx_word' id='word_1_59' title='bbox 1364 854 1440 903; x_wconf 89' lang='lat' dir='ltr'><strong>vera</strong></span> <span class='ocrx_word' id='word_1_60' title='bbox 1456 830 1521 905; x_wconf 85' lang='lat' dir='ltr'><strong>fide</strong></span> <span class='ocrx_word' id='word_1_61' title='bbox 1539 760 1650 906; x_wconf 74' lang='lat' dir='ltr'><strong>ensem</strong></span> <span class='ocrx_word' id='word_1_62' title='bbox 1665 831 1725 905; x_wconf 87' lang='lat' dir='ltr'><strong>stbi</strong></span> <span class='ocrx_word' id='word_1_63' title='bbox 1739 832 1940 930; x_wconf 85' lang='lat' dir='ltr'><strong>adplicatint.</strong></span> <span class='ocrx_word' id='word_1_64' title='bbox 1993 840 2123 910; x_wconf 81' lang='lat' dir='ltr'><strong>iuterim</strong></span> 
     </span>
     <span class='ocr_line' id='line_1_6' title="bbox 320 925 2124 1033; baseline -0.001 -24"><span class='ocrx_word' id='word_1_65' title='bbox 320 940 355 1009; x_wconf 76' lang='lat' dir='ltr'><strong>dt</strong></span> <span class='ocrx_word' id='word_1_66' title='bbox 370 934 430 1005; x_wconf 89' lang='lat' dir='ltr'><strong>hac</strong></span> <span class='ocrx_word' id='word_1_67' title='bbox 446 934 572 1004; x_wconf 88' lang='lat' dir='ltr'><strong>ratione</strong></span> <span class='ocrx_word' id='word_1_68' title='bbox 587 955 697 1002; x_wconf 87' lang='lat' dir='ltr'><strong>veram</strong></span> <span class='ocrx_word' id='word_1_69' title='bbox 707 925 904 1031; x_wconf 77' lang='lat' dir='ltr'><strong>presentiam</strong></span> <span class='ocrx_word' id='word_1_70' title='bbox 913 939 1062 1033; x_wconf 81' lang='lat' dir='ltr'><strong>corporis</strong></span> <span class='ocrx_word' id='word_1_71' title='bbox 1074 942 1109 1008; x_wconf 80' lang='lat' dir='ltr'><strong>dt</strong></span> <span class='ocrx_word' id='word_1_72' title='bbox 1125 929 1197 1004; x_wconf 88' lang='lat' dir='ltr'><strong>san·</strong></span> <span class='ocrx_word' id='word_1_73' title='bbox 1246 953 1448 1028; x_wconf 83' lang='lat' dir='ltr'><strong>nequaquam</strong></span> <span class='ocrx_word' id='word_1_74' title='bbox 1461 955 1535 1001; x_wconf 91' lang='lat' dir='ltr'><strong>cum</strong></span> <span class='ocrx_word' id='word_1_75' title='bbox 1552 931 1692 1003; x_wconf 83' lang='lat' dir='ltr'><strong>Calvino</strong></span> <span class='ocrx_word' id='word_1_76' title='bbox 1713 930 1900 1015; x_wconf 81' lang='lat' dir='ltr'><strong>slatuimor,</strong></span> <span class='ocrx_word' id='word_1_77' title='bbox 1926 941 1965 1007; x_wconf 90' lang='lat' dir='ltr'><strong>io</strong></span> <span class='ocrx_word' id='word_1_78' title='bbox 1979 938 2124 1009; x_wconf 84' lang='lat' dir='ltr'><strong>euchari·</strong></span> 
     </span>
     <span class='ocr_line' id='line_1_7' title="bbox 228 1026 2123 1146; baseline 0.002 -43"><span class='ocrx_word' id='word_1_79' title='bbox 228 1073 238 1103; x_wconf 67' lang='lat' dir='ltr'><strong>r</strong></span> <span class='ocrx_word' id='word_1_80' title='bbox 321 1037 428 1144; x_wconf 71' lang='lat' dir='ltr'><strong>guinis</strong></span> <span class='ocrx_word' id='word_1_81' title='bbox 447 1029 567 1103; x_wconf 85' lang='lat' dir='ltr'><strong>Christi</strong></span> <span class='ocrx_word' id='word_1_82' title='bbox 581 1056 600 1101; x_wconf 91' lang='lat' dir='ltr'><strong>a</strong></span> <span class='ocrx_word' id='word_1_83' title='bbox 614 1026 700 1101; x_wconf 87' lang='lat' dir='ltr'><strong>sacta</strong></span> <span class='ocrx_word' id='word_1_84' title='bbox 714 1056 805 1104; x_wconf 83' lang='lat' dir='ltr'><strong>coena</strong></span> <span class='ocrx_word' id='word_1_85' title='bbox 821 1026 962 1105; x_wconf 82' lang='lat' dir='ltr'><strong>exsulare</strong></span> <span class='ocrx_word' id='word_1_86' title='bbox 970 1034 1094 1127; x_wconf 68' lang='lat' dir='ltr'><strong>jubeat?</strong></span> <span class='ocrx_word' id='word_1_87' title='bbox 1108 1034 1195 1103; x_wconf 85' lang='lat' dir='ltr'><strong>Cum</strong></span> <span class='ocrx_word' id='word_1_88' title='bbox 1246 1029 1303 1100; x_wconf 75' lang='lat' dir='ltr'><strong>liin</strong></span> <span class='ocrx_word' id='word_1_89' title='bbox 1320 1029 1549 1146; x_wconf 78' lang='lat' dir='ltr'><strong>tantummodo</strong></span> <span class='ocrx_word' id='word_1_90' title='bbox 1571 1027 1699 1138; x_wconf 83' lang='lat' dir='ltr'><strong>iignum</strong></span> <span class='ocrx_word' id='word_1_91' title='bbox 1713 1027 1846 1103; x_wconf 83' lang='lat' dir='ltr'><strong>absentis</strong></span> <span class='ocrx_word' id='word_1_92' title='bbox 1869 1037 2022 1132; x_wconf 75' lang='lat' dir='ltr'><strong>conponis</strong></span> <span class='ocrx_word' id='word_1_93' title='bbox 2032 1034 2123 1107; x_wconf 81' lang='lat' dir='ltr'><strong>Clui-</strong></span> 
     </span>
     <span class='ocr_line' id='line_1_8' title="bbox 320 1122 2122 1326; baseline 0.002 -23"><span class='ocrx_word' id='word_1_94' title='bbox 320 1126 1197 1307; x_wconf 50' lang='lat' dir='ltr'><strong>liililiitiillttlililtitiiili:iii</strong></span> <span class='ocrx_word' id='word_1_95' title='bbox 1245 1122 2122 1326; x_wconf 36' lang='lat' dir='ltr'><strong>lititllttiitiltillilss’collimitiis</strong></span> 
     </span>
     <span class='ocr_line' id='line_1_9' title="bbox 245 1324 2125 1430; baseline -0.002 -26"><span class='ocrx_word' id='word_1_96' title='bbox 245 1356 248 1360; x_wconf 86' lang='lat'>·</span> <span class='ocrx_word' id='word_1_97' title='bbox 320 1325 611 1404; x_wconf 75' lang='lat' dir='ltr'><strong>tellsacramentis</strong></span> <span class='ocrx_word' id='word_1_98' title='bbox 627 1329 757 1399; x_wconf 84' lang='lat' dir='ltr'><strong>statuat:</strong></span> <span class='ocrx_word' id='word_1_99' title='bbox 783 1324 1198 1430; x_wconf 74' lang='lat' dir='ltr'><strong>quaveritatitl&#39;pecieipii</strong></span> <span class='ocrx_word' id='word_1_100' title='bbox 1246 1351 1335 1424; x_wconf 84' lang='lat' dir='ltr'><strong>pur,</strong></span> <span class='ocrx_word' id='word_1_101' title='bbox 1359 1326 1539 1417; x_wconf 70' lang='lat' dir='ltr'><strong>{mediante</strong></span> <span class='ocrx_word' id='word_1_102' title='bbox 1564 1326 1738 1399; x_wconf 69' lang='lat' dir='ltr'><strong>benedicio</strong></span> <span class='ocrx_word' id='word_1_103' title='bbox 1764 1333 1843 1402; x_wconf 87' lang='lat' dir='ltr'><strong>vino</strong></span> <span class='ocrx_word' id='word_1_104' title='bbox 1866 1355 1984 1410; x_wconf 81' lang='lat' dir='ltr'><strong>uerum</strong></span> <span class='ocrx_word' id='word_1_105' title='bbox 2005 1330 2125 1406; x_wconf 86' lang='lat' dir='ltr'><strong>Chriiii</strong></span> 
     </span>
     <span class='ocr_line' id='line_1_10' title="bbox 223 1422 2126 1531; baseline 0.002 -33"><span class='ocrx_word' id='word_1_106' title='bbox 223 1427 228 1437; x_wconf 80' lang='lat'>&#39;</span> <span class='ocrx_word' id='word_1_107' title='bbox 323 1430 421 1502; x_wconf 90' lang='lat' dir='ltr'><strong>tribui</strong></span> <span class='ocrx_word' id='word_1_108' title='bbox 438 1425 563 1528; x_wconf 77' lang='lat' dir='ltr'><strong>potest,</strong></span> <span class='ocrx_word' id='word_1_109' title='bbox 589 1423 679 1526; x_wconf 92' lang='lat' dir='ltr'><strong>quod</strong></span> <span class='ocrx_word' id='word_1_110' title='bbox 698 1424 844 1531; x_wconf 70' lang='lat' dir='ltr'><strong>anapradr</strong></span> <span class='ocrx_word' id='word_1_111' title='bbox 860 1435 894 1503; x_wconf 77' lang='lat' dir='ltr'><strong>dt</strong></span> <span class='ocrx_word' id='word_1_112' title='bbox 907 1429 1199 1503; x_wconf 81' lang='lat' dir='ltr'><strong>extraordinatium</strong></span> <span class='ocrx_word' id='word_1_113' title='bbox 1247 1422 1437 1522; x_wconf 82' lang='lat' dir='ltr'><strong>sanguinem</strong></span> <span class='ocrx_word' id='word_1_114' title='bbox 1451 1425 1546 1495; x_wconf 88' lang='lat' dir='ltr'><strong>nobis</strong></span> <span class='ocrx_word' id='word_1_115' title='bbox 1560 1423 1733 1515; x_wconf 87' lang='lat' dir='ltr'><strong>exhiberi,</strong></span> <span class='ocrx_word' id='word_1_116' title='bbox 1760 1432 1941 1506; x_wconf 85' lang='lat' dir='ltr'><strong>totocorde</strong></span> <span class='ocrx_word' id='word_1_117' title='bbox 1953 1431 2126 1518; x_wconf 83' lang='lat' dir='ltr'><strong>credimur,</strong></span> 
     </span>
     <span class='ocr_line' id='line_1_11' title="bbox 324 1518 2126 1628; baseline 0 -26"><span class='ocrx_word' id='word_1_118' title='bbox 324 1554 451 1602; x_wconf 79' lang='lat' dir='ltr'><strong>maonae</strong></span> <span class='ocrx_word' id='word_1_119' title='bbox 467 1535 502 1602; x_wconf 77' lang='grc' dir='ltr'>ἀ</span> <span class='ocrx_word' id='word_1_120' title='bbox 523 1551 612 1628; x_wconf 79' lang='lat' dir='ltr'><strong>aqua</strong></span> <span class='ocrx_word' id='word_1_121' title='bbox 628 1550 667 1597; x_wconf 86' lang='lat' dir='ltr'><strong>ex</strong></span> <span class='ocrx_word' id='word_1_122' title='bbox 684 1546 773 1622; x_wconf 86' lang='lat' dir='ltr'><strong>petra</strong></span> <span class='ocrx_word' id='word_1_123' title='bbox 799 1526 991 1624; x_wconf 77' lang='lat' dir='ltr'><strong>profluentis</strong></span> <span class='ocrx_word' id='word_1_124' title='bbox 1018 1528 1199 1601; x_wconf 87' lang='lat' dir='ltr'><strong>sacramen·</strong></span> <span class='ocrx_word' id='word_1_125' title='bbox 1247 1550 1311 1623; x_wconf 89' lang='lat' dir='ltr'><strong>qua</strong></span> <span class='ocrx_word' id='word_1_126' title='bbox 1330 1526 1455 1594; x_wconf 88' lang='lat' dir='ltr'><strong>ratione</strong></span> <span class='ocrx_word' id='word_1_127' title='bbox 1475 1547 1542 1593; x_wconf 87' lang='lat' dir='ltr'><strong>nno</strong></span> <span class='ocrx_word' id='word_1_128' title='bbox 1557 1518 1662 1593; x_wconf 89' lang='lat' dir='ltr'><strong>solum</strong></span> <span class='ocrx_word' id='word_1_129' title='bbox 1678 1550 1697 1595; x_wconf 93' lang='lat' dir='ltr'><strong>a</strong></span> <span class='ocrx_word' id='word_1_130' title='bbox 1713 1535 1919 1621; x_wconf 78' lang='lat' dir='ltr'><strong>temporariis</strong></span> <span class='ocrx_word' id='word_1_131' title='bbox 1945 1534 2126 1602; x_wconf 72' lang='lat' dir='ltr'><strong>manna&amp;</strong></span> 
     </span>
     <span class='ocr_line' id='line_1_12' title="bbox 326 1616 2125 1728; baseline 0 -30"><span class='ocrx_word' id='word_1_132' title='bbox 326 1645 398 1702; x_wconf 89' lang='lat' dir='ltr'><strong>tum</strong></span> <span class='ocrx_word' id='word_1_133' title='bbox 413 1652 489 1701; x_wconf 86' lang='lat' dir='ltr'><strong>cunt</strong></span> <span class='ocrx_word' id='word_1_134' title='bbox 513 1627 702 1701; x_wconf 79' lang='lat' dir='ltr'><strong>eucharistia</strong></span> <span class='ocrx_word' id='word_1_135' title='bbox 717 1626 825 1699; x_wconf 83' lang='lat' dir='ltr'><strong>modis</strong></span> <span class='ocrx_word' id='word_1_136' title='bbox 849 1626 1001 1701; x_wconf 87' lang='lat' dir='ltr'><strong>omnibus</strong></span> <span class='ocrx_word' id='word_1_137' title='bbox 1029 1628 1119 1700; x_wconf 89' lang='lat' dir='ltr'><strong>idem</strong></span> <span class='ocrx_word' id='word_1_138' title='bbox 1139 1617 1201 1696; x_wconf 87' lang='lat' dir='ltr'><strong>else</strong></span> <span class='ocrx_word' id='word_1_139' title='bbox 1248 1645 1339 1719; x_wconf 82' lang='lat' dir='ltr'><strong>aquae</strong></span> <span class='ocrx_word' id='word_1_140' title='bbox 1363 1616 1588 1719; x_wconf 79' lang='lat' dir='ltr'><strong>sacramentis,</strong></span> <span class='ocrx_word' id='word_1_141' title='bbox 1616 1619 1784 1696; x_wconf 76' lang='lat' dir='ltr'><strong>sedetiam</strong></span> <span class='ocrx_word' id='word_1_142' title='bbox 1801 1627 1843 1697; x_wconf 88' lang='lat' dir='ltr'><strong>ab</strong></span> <span class='ocrx_word' id='word_1_143' title='bbox 1865 1628 2039 1723; x_wconf 86' lang='lat' dir='ltr'><strong>ordinario</strong></span> <span class='ocrx_word' id='word_1_144' title='bbox 2054 1629 2125 1728; x_wconf 79' lang='lat' dir='ltr'><strong>agni</strong></span> 
     </span>
     <span class='ocr_line' id='line_1_13' title="bbox 327 1718 2126 1826; baseline 0.003 -30"><span class='ocrx_word' id='word_1_145' title='bbox 327 1722 461 1806; x_wconf 77' lang='lat' dir='ltr'><strong>liatuat?</strong></span> <span class='ocrx_word' id='word_1_146' title='bbox 516 1728 576 1818; x_wconf 80' lang='lat'><strong>3.)</strong></span> <span class='ocrx_word' id='word_1_147' title='bbox 613 1723 822 1797; x_wconf 84' lang='lat' dir='ltr'><strong>Bellartoinus</strong></span> <span class='ocrx_word' id='word_1_148' title='bbox 850 1726 990 1826; x_wconf 91' lang='lat' dir='ltr'><strong>probat,</strong></span> <span class='ocrx_word' id='word_1_149' title='bbox 1025 1725 1201 1821; x_wconf 73' lang='lat' dir='ltr'><strong>apostolum</strong></span> <span class='ocrx_word' id='word_1_150' title='bbox 1249 1718 1404 1821; x_wconf 83' lang='lat' dir='ltr'><strong>paschalis</strong></span> <span class='ocrx_word' id='word_1_151' title='bbox 1438 1718 1633 1793; x_wconf 71' lang='lat' dir='ltr'><strong>ficrameoto</strong></span> <span class='ocrx_word' id='word_1_152' title='bbox 1661 1723 1859 1797; x_wconf 80' lang='lat' dir='ltr'><strong>eucharistiae</strong></span> <span class='ocrx_word' id='word_1_153' title='bbox 1888 1726 2126 1802; x_wconf 83' lang='lat' dir='ltr'><strong>sacramentum</strong></span> 
     </span>
    </p>
   </div>
   <div class='ocr_carea' id='block_1_3' title="bbox 175 1813 2128 1926">
    <p class='ocr_par' dir='ltr' id='par_1_3' title="bbox 175 1813 2128 1926">
     <span class='ocr_line' id='line_1_14' title="bbox 175 1813 2128 1926; baseline 0.003 -33"><span class='ocrx_word' id='word_1_154' title='bbox 175 1883 180 1893; x_wconf 84' lang='lat'>.</span> <span class='ocrx_word' id='word_1_155' title='bbox 324 1850 527 1926; x_wconf 65' lang='lat' dir='ltr'><strong>nequaquam</strong></span> <span class='ocrx_word' id='word_1_156' title='bbox 542 1828 710 1923; x_wconf 80' lang='lat' dir='ltr'><strong>adserere,</strong></span> <span class='ocrx_word' id='word_1_157' title='bbox 737 1830 823 1921; x_wconf 82' lang='lat' dir='ltr'><strong>qaod</strong></span> <span class='ocrx_word' id='word_1_158' title='bbox 838 1827 1062 1925; x_wconf 79' lang='lat' dir='ltr'><strong>eadcmfaart‘t</strong></span> <span class='ocrx_word' id='word_1_159' title='bbox 1076 1822 1204 1912; x_wconf 77' lang='lat' dir='ltr'><strong>israeli·</strong></span> <span class='ocrx_word' id='word_1_160' title='bbox 1249 1820 1426 1920; x_wconf 88' lang='lat' dir='ltr'><strong>plurimum</strong></span> <span class='ocrx_word' id='word_1_161' title='bbox 1446 1813 1581 1892; x_wconf 86' lang='lat' dir='ltr'><strong>differre</strong></span> <span class='ocrx_word' id='word_1_162' title='bbox 1608 1816 1784 1896; x_wconf 82' lang='lat' dir='ltr'><strong>statuimur.</strong></span> <span class='ocrx_word' id='word_1_163' title='bbox 1852 1826 1915 1919; x_wconf 86' lang='grc'><strong>6.)</strong></span> <span class='ocrx_word' id='word_1_164' title='bbox 1939 1826 2128 1924; x_wconf 79' lang='lat' dir='ltr'><strong>Apostosaar</strong></span> 
     </span>
    </p>
   </div>
   <div class='ocr_carea' id='block_1_4' title="bbox 287 1919 2144 5106">
    <p class='ocr_par' dir='ltr' id='par_1_4' title="bbox 287 1919 2144 5106">
     <span class='ocr_line' id='line_1_15' title="bbox 327 1919 2144 2025; baseline 0.004 -31"><span class='ocrx_word' id='word_1_165' title='bbox 327 1935 439 1998; x_wconf 82' lang='lat' dir='ltr'><strong>rarum</strong></span> <span class='ocrx_word' id='word_1_166' title='bbox 455 1928 502 2001; x_wconf 57' lang='grc' dir='ltr'><strong>εἴ</strong></span> <span class='ocrx_word' id='word_1_167' title='bbox 515 1929 623 2020; x_wconf 75' lang='lat' dir='ltr'><strong>nostra</strong></span> <span class='ocrx_word' id='word_1_168' title='bbox 638 1923 723 2017; x_wconf 79' lang='lat' dir='ltr'><strong>esto,</strong></span> <span class='ocrx_word' id='word_1_169' title='bbox 738 1925 800 2020; x_wconf 82' lang='lat' dir='ltr'><strong>sed</strong></span> <span class='ocrx_word' id='word_1_170' title='bbox 812 1931 896 2021; x_wconf 83' lang='lat' dir='ltr'><strong>quod</strong></span> <span class='ocrx_word' id='word_1_171' title='bbox 918 1929 1044 1998; x_wconf 80' lang='lat' dir='ltr'><strong>iliorum</strong></span> <span class='ocrx_word' id='word_1_172' title='bbox 1059 1929 1204 1996; x_wconf 78' lang='lat' dir='ltr'><strong>omnium</strong></span> <span class='ocrx_word' id='word_1_173' title='bbox 1250 1944 1316 1992; x_wconf 74' lang='lat' dir='ltr'><strong>nora</strong></span> <span class='ocrx_word' id='word_1_174' title='bbox 1339 1922 1469 2014; x_wconf 80' lang='lat' dir='ltr'><strong>apori,</strong></span> <span class='ocrx_word' id='word_1_175' title='bbox 1502 1919 1563 2014; x_wconf 84' lang='lat' dir='ltr'><strong>sed</strong></span> <span class='ocrx_word' id='word_1_176' title='bbox 1594 1944 1615 1991; x_wconf 83' lang='lat' dir='ltr'><strong>a</strong></span> <span class='ocrx_word' id='word_1_177' title='bbox 1623 1921 1763 2018; x_wconf 81' lang='lat' dir='ltr'><strong>fortiori</strong></span> <span class='ocrx_word' id='word_1_178' title='bbox 1789 1932 2044 2025; x_wconf 78' lang='lat' dir='ltr'><strong>argumentari,</strong></span> <span class='ocrx_word' id='word_1_179' title='bbox 2075 1927 2144 2000; x_wconf 79' lang='lat' dir='ltr'><strong>iot-</strong></span> 
     </span>
     <span class='ocr_line' id='line_1_16' title="bbox 287 2019 2128 2128; baseline 0.004 -34"><span class='ocrx_word' id='word_1_180' title='bbox 287 2096 308 2128; x_wconf 48' lang='lat'>‘</span> <span class='ocrx_word' id='word_1_181' title='bbox 330 2032 437 2096; x_wconf 83' lang='lat' dir='ltr'><strong>eadem</strong></span> <span class='ocrx_word' id='word_1_182' title='bbox 448 2028 582 2121; x_wconf 83' lang='lat' dir='ltr'><strong>fuerit:</strong></span> <span class='ocrx_word' id='word_1_183' title='bbox 612 2024 706 2120; x_wconf 88' lang='lat' dir='ltr'><strong>Resp.</strong></span> <span class='ocrx_word' id='word_1_184' title='bbox 721 2023 857 2096; x_wconf 84' lang='lat' dir='ltr'><strong>libenter</strong></span> <span class='ocrx_word' id='word_1_185' title='bbox 883 2025 1023 2114; x_wconf 84' lang='lat' dir='ltr'><strong>dantus,</strong></span> <span class='ocrx_word' id='word_1_186' title='bbox 1048 2020 1204 2095; x_wconf 85' lang='lat' dir='ltr'><strong>israelitas</strong></span> <span class='ocrx_word' id='word_1_187' title='bbox 1241 2019 1363 2117; x_wconf 81' lang='lat' dir='ltr'><strong>serasar:</strong></span> <span class='ocrx_word' id='word_1_188' title='bbox 1387 2020 1421 2089; x_wconf 84' lang='lat' dir='ltr'><strong>Si</strong></span> <span class='ocrx_word' id='word_1_189' title='bbox 1434 2020 1564 2113; x_wconf 75' lang='lat' dir='ltr'><strong>Judaei</strong></span> <span class='ocrx_word' id='word_1_190' title='bbox 1572 2020 1792 2117; x_wconf 81' lang='lat' dir='ltr'><strong>punitisurrt,</strong></span> <span class='ocrx_word' id='word_1_191' title='bbox 1811 2033 1897 2122; x_wconf 78' lang='lat' dir='ltr'><strong>quod</strong></span> <span class='ocrx_word' id='word_1_192' title='bbox 1908 2029 2128 2125; x_wconf 72' lang='lat' dir='ltr'><strong>contemserint</strong></span> 
     </span>
     <span class='ocr_line' id='line_1_17' title="bbox 330 2117 2128 2227; baseline 0.002 -35"><span class='ocrx_word' id='word_1_193' title='bbox 330 2125 364 2192; x_wconf 92' lang='lat' dir='ltr'><strong>in</strong></span> <span class='ocrx_word' id='word_1_194' title='bbox 379 2122 439 2195; x_wconf 84' lang='lat' dir='ltr'><strong>suis</strong></span> <span class='ocrx_word' id='word_1_195' title='bbox 452 2120 656 2195; x_wconf 85' lang='lat' dir='ltr'><strong>sacramentis</strong></span> <span class='ocrx_word' id='word_1_196' title='bbox 674 2146 742 2194; x_wconf 84' lang='lat' dir='ltr'><strong>nort</strong></span> <span class='ocrx_word' id='word_1_197' title='bbox 763 2117 906 2195; x_wconf 84' lang='lat' dir='ltr'><strong>habuisse</strong></span> <span class='ocrx_word' id='word_1_198' title='bbox 923 2122 1026 2221; x_wconf 92' lang='lat' dir='ltr'><strong>ipsum</strong></span> <span class='ocrx_word' id='word_1_199' title='bbox 1050 2119 1204 2219; x_wconf 61' lang='lat' dir='ltr'><strong>ffatiaie</strong></span> <span class='ocrx_word' id='word_1_200' title='bbox 1241 2119 1380 2217; x_wconf 79' lang='lat' dir='ltr'><strong>figuras</strong></span> <span class='ocrx_word' id='word_1_201' title='bbox 1398 2117 1681 2213; x_wconf 72' lang='lat' dir='ltr'><strong>firmamentorum</strong></span> <span class='ocrx_word' id='word_1_202' title='bbox 1714 2123 1900 2217; x_wconf 77' lang='lat' dir='ltr'><strong>nostrorum</strong></span> <span class='ocrx_word' id='word_1_203' title='bbox 1923 2126 1973 2203; x_wconf 63' lang='lat' dir='ltr'><strong>ij</strong></span> <span class='ocrx_word' id='word_1_204' title='bbox 2002 2128 2128 2227; x_wconf 70' lang='lat' dir='ltr'><strong>ingrati</strong></span> 
     </span>
     <span class='ocr_line' id='line_1_18' title="bbox 293 2216 2127 2323; baseline 0.004 -32"><span class='ocrx_word' id='word_1_205' title='bbox 293 2290 299 2307; x_wconf 76' lang='grc'><em>,</em></span> <span class='ocrx_word' id='word_1_206' title='bbox 331 2247 449 2320; x_wconf 83' lang='lat' dir='ltr'><strong>corpus</strong></span> <span class='ocrx_word' id='word_1_207' title='bbox 473 2230 507 2295; x_wconf 79' lang='lat' dir='ltr'><strong>dc</strong></span> <span class='ocrx_word' id='word_1_208' title='bbox 540 2216 728 2321; x_wconf 84' lang='lat' dir='ltr'><strong>sanguinem</strong></span> <span class='ocrx_word' id='word_1_209' title='bbox 763 2221 901 2306; x_wconf 85' lang='lat' dir='ltr'><strong>Cirtilii,</strong></span> <span class='ocrx_word' id='word_1_210' title='bbox 924 2219 1202 2323; x_wconf 88' lang='lat' dir='ltr'><strong>quemadmodum</strong></span> <span class='ocrx_word' id='word_1_211' title='bbox 1243 2220 1379 2315; x_wconf 78' lang='lat' dir='ltr'><strong>fuerint</strong></span> <span class='ocrx_word' id='word_1_212' title='bbox 1394 2221 1490 2294; x_wconf 85' lang='lat' dir='ltr'><strong>Deo,</strong></span> <span class='ocrx_word' id='word_1_213' title='bbox 1514 2242 1537 2288; x_wconf 82' lang='lat' dir='ltr'><em>a</em></span> <span class='ocrx_word' id='word_1_214' title='bbox 1562 2242 1626 2314; x_wconf 82' lang='lat' dir='ltr'><strong>quo</strong></span> <span class='ocrx_word' id='word_1_215' title='bbox 1652 2219 1801 2314; x_wconf 78' lang='lat' dir='ltr'><strong>benefitio</strong></span> <span class='ocrx_word' id='word_1_216' title='bbox 1830 2226 1886 2297; x_wconf 79' lang='lat' dir='ltr'><strong>iiia</strong></span> <span class='ocrx_word' id='word_1_217' title='bbox 1926 2239 2127 2323; x_wconf 79' lang='lat' dir='ltr'><strong>acceperant,</strong></span> 
     </span>
     <span class='ocr_line' id='line_1_19' title="bbox 332 2313 2128 2424; baseline 0.006 -34"><span class='ocrx_word' id='word_1_218' title='bbox 332 2344 392 2392; x_wconf 85' lang='lat' dir='ltr'><strong>nos</strong></span> <span class='ocrx_word' id='word_1_219' title='bbox 412 2325 447 2391; x_wconf 93' lang='lat' dir='ltr'><strong>in</strong></span> <span class='ocrx_word' id='word_1_220' title='bbox 464 2313 666 2393; x_wconf 86' lang='lat' dir='ltr'><strong>sacramento</strong></span> <span class='ocrx_word' id='word_1_221' title='bbox 681 2345 796 2393; x_wconf 81' lang='lat' dir='ltr'><strong>coeoae:</strong></span> <span class='ocrx_word' id='word_1_222' title='bbox 820 2324 948 2396; x_wconf 80' lang='lat' dir='ltr'><strong>interim</strong></span> <span class='ocrx_word' id='word_1_223' title='bbox 963 2340 998 2392; x_wconf 92' lang='lat' dir='ltr'><strong>ut</strong></span> <span class='ocrx_word' id='word_1_224' title='bbox 1013 2323 1125 2393; x_wconf 90' lang='lat' dir='ltr'><strong>eadem</strong></span> <span class='ocrx_word' id='word_1_225' title='bbox 1141 2319 1204 2390; x_wconf 89' lang='lat' dir='ltr'><strong>Dei</strong></span> <span class='ocrx_word' id='word_1_226' title='bbox 1252 2330 1374 2414; x_wconf 78' lang='lat' dir='ltr'><strong>quanto</strong></span> <span class='ocrx_word' id='word_1_227' title='bbox 1411 2316 1528 2413; x_wconf 71' lang='lat' dir='ltr'><strong>jafiiur</strong></span> <span class='ocrx_word' id='word_1_228' title='bbox 1554 2320 1715 2412; x_wconf 77' lang='lat' dir='ltr'><strong>puniendi</strong></span> <span class='ocrx_word' id='word_1_229' title='bbox 1742 2321 1829 2417; x_wconf 76' lang='lat' dir='ltr'><strong>serti</strong></span> <span class='ocrx_word' id='word_1_230' title='bbox 1856 2324 2043 2420; x_wconf 71' lang='lat' dir='ltr'><strong>tinstiani,</strong></span> <span class='ocrx_word' id='word_1_231' title='bbox 2074 2328 2128 2424; x_wconf 80' lang='lat' dir='ltr'><strong>pari</strong></span> 
     </span>
     <span class='ocr_line' id='line_1_20' title="bbox 308 2417 2128 2525; baseline 0.005 -37"><span class='ocrx_word' id='word_1_232' title='bbox 308 2516 310 2518; x_wconf 65' lang='lat'>‚</span> <span class='ocrx_word' id='word_1_233' title='bbox 330 2424 430 2516; x_wconf 83' lang='lat' dir='ltr'><strong>gratia</strong></span> <span class='ocrx_word' id='word_1_234' title='bbox 446 2472 458 2499; x_wconf 86' lang='lat'><em>,</em></span> <span class='ocrx_word' id='word_1_235' title='bbox 485 2420 596 2495; x_wconf 90' lang='lat' dir='ltr'><strong>eadem</strong></span> <span class='ocrx_word' id='word_1_236' title='bbox 612 2419 763 2519; x_wconf 80' lang='lat' dir='ltr'><strong>paistonit</strong></span> <span class='ocrx_word' id='word_1_237' title='bbox 778 2420 897 2493; x_wconf 83' lang='lat' dir='ltr'><strong>Christi</strong></span> <span class='ocrx_word' id='word_1_238' title='bbox 904 2424 1024 2493; x_wconf 81' lang='lat' dir='ltr'><strong>virtute</strong></span> <span class='ocrx_word' id='word_1_239' title='bbox 1039 2430 1074 2494; x_wconf 73' lang='grc' dir='ltr'><strong>δε</strong></span> <span class='ocrx_word' id='word_1_240' title='bbox 1088 2418 1203 2492; x_wconf 91' lang='lat' dir='ltr'><strong>eadem</strong></span> <span class='ocrx_word' id='word_1_241' title='bbox 1249 2417 1670 2511; x_wconf 80' lang='lat' dir='ltr'><strong>contrmrauntsarramrrrto</strong></span> <span class='ocrx_word' id='word_1_242' title='bbox 1683 2420 1810 2518; x_wconf 76' lang='lat' dir='ltr'><strong>ipso&amp;</strong></span> <span class='ocrx_word' id='word_1_243' title='bbox 1826 2428 1953 2525; x_wconf 79' lang='lat' dir='ltr'><strong>ingrati</strong></span> <span class='ocrx_word' id='word_1_244' title='bbox 1948 2426 2038 2521; x_wconf 72' lang='lat' dir='ltr'><strong>siret</strong></span> <span class='ocrx_word' id='word_1_245' title='bbox 2045 2427 2128 2510; x_wconf 77' lang='lat' dir='ltr'><strong>Deo,</strong></span> 
     </span>
     <span class='ocr_line' id='line_1_21' title="bbox 331 2514 2128 2629; baseline 0.004 -40"><span class='ocrx_word' id='word_1_246' title='bbox 331 2517 398 2590; x_wconf 86' lang='lat' dir='ltr'><strong>lide</strong></span> <span class='ocrx_word' id='word_1_247' title='bbox 416 2514 517 2591; x_wconf 75' lang='lat' dir='ltr'><strong>santii</strong></span> <span class='ocrx_word' id='word_1_248' title='bbox 534 2546 596 2591; x_wconf 88' lang='lat' dir='ltr'><strong>ver.</strong></span> <span class='ocrx_word' id='word_1_249' title='bbox 617 2518 683 2593; x_wconf 89' lang='lat' dir='ltr'><strong>teli.</strong></span> <span class='ocrx_word' id='word_1_250' title='bbox 702 2520 835 2592; x_wconf 85' lang='lat' dir='ltr'><strong>fuerunt</strong></span> <span class='ocrx_word' id='word_1_251' title='bbox 852 2517 982 2598; x_wconf 84' lang='lat' dir='ltr'><strong>salvati,</strong></span> <span class='ocrx_word' id='word_1_252' title='bbox 1008 2545 1069 2629; x_wconf 81' lang='lat' dir='ltr'><strong>qua</strong></span> <span class='ocrx_word' id='word_1_253' title='bbox 1090 2545 1149 2589; x_wconf 87' lang='lat' dir='ltr'><strong>nos</strong></span> <span class='ocrx_word' id='word_1_254' title='bbox 1170 2520 1205 2585; x_wconf 93' lang='lat' dir='ltr'><strong>in</strong></span> <span class='ocrx_word' id='word_1_255' title='bbox 1251 2540 1347 2613; x_wconf 78' lang='lat' dir='ltr'><strong>aquo</strong></span> <span class='ocrx_word' id='word_1_256' title='bbox 1363 2528 1552 2611; x_wconf 78' lang='lat' dir='ltr'><strong>occeperunt</strong></span> <span class='ocrx_word' id='word_1_257' title='bbox 1564 2515 1713 2613; x_wconf 83' lang='lat' dir='ltr'><strong>beneficia</strong></span> <span class='ocrx_word' id='word_1_258' title='bbox 1725 2521 1818 2621; x_wconf 81' lang='lat' dir='ltr'><strong>longe</strong></span> <span class='ocrx_word' id='word_1_259' title='bbox 1837 2529 1981 2627; x_wconf 67' lang='lat' dir='ltr'><strong>majorae</strong></span> <span class='ocrx_word' id='word_1_260' title='bbox 2031 2525 2128 2623; x_wconf 75' lang='lat' dir='ltr'><strong>Resp-</strong></span> 
     </span>
     <span class='ocr_line' id='line_1_22' title="bbox 332 2614 2127 2722; baseline 0.006 -37"><span class='ocrx_word' id='word_1_261' title='bbox 332 2641 409 2690; x_wconf 87' lang='lat' dir='ltr'><strong>nov.</strong></span> <span class='ocrx_word' id='word_1_262' title='bbox 432 2619 501 2692; x_wconf 86' lang='lat' dir='ltr'><strong>tell.&#39;</strong></span> <span class='ocrx_word' id='word_1_263' title='bbox 536 2614 728 2692; x_wconf 82' lang='lat' dir='ltr'><strong>salvamur:</strong></span> <span class='ocrx_word' id='word_1_264' title='bbox 768 2620 811 2688; x_wconf 87' lang='lat' dir='ltr'><strong>ita</strong></span> <span class='ocrx_word' id='word_1_265' title='bbox 842 2644 976 2716; x_wconf 92' lang='lat' dir='ltr'><strong>quoque</strong></span> <span class='ocrx_word' id='word_1_266' title='bbox 1008 2620 1205 2693; x_wconf 76' lang='lat' dir='ltr'><strong>luctamenta</strong></span> <span class='ocrx_word' id='word_1_267' title='bbox 1250 2616 2127 2722; x_wconf 76' lang='lat' dir='ltr'><strong>oonntgamur,apost0lumafortioriargumentari,</strong></span> 
     </span>
     <span class='ocr_line' id='line_1_23' title="bbox 334 2715 2129 2822; baseline 0.003 -37"><span class='ocrx_word' id='word_1_268' title='bbox 334 2733 397 2789; x_wconf 85' lang='lat' dir='ltr'><strong>vet.</strong></span> <span class='ocrx_word' id='word_1_269' title='bbox 427 2718 495 2790; x_wconf 84' lang='lat' dir='ltr'><strong>tesi.</strong></span> <span class='ocrx_word' id='word_1_270' title='bbox 520 2723 653 2816; x_wconf 86' lang='lat' dir='ltr'><strong>proprie</strong></span> <span class='ocrx_word' id='word_1_271' title='bbox 677 2718 720 2790; x_wconf 84' lang='lat' dir='ltr'><strong>stc</strong></span> <span class='ocrx_word' id='word_1_272' title='bbox 750 2717 838 2789; x_wconf 74' lang='lat' dir='ltr'><strong>disin</strong></span> <span class='ocrx_word' id='word_1_273' title='bbox 862 2718 1003 2790; x_wconf 86' lang='lat' dir='ltr'><strong>cundem</strong></span> <span class='ocrx_word' id='word_1_274' title='bbox 1027 2718 1208 2790; x_wconf 87' lang='lat' dir='ltr'><strong>habuerunt</strong></span> <span class='ocrx_word' id='word_1_275' title='bbox 1251 2719 1375 2788; x_wconf 87' lang='lat' dir='ltr'><strong>interim</strong></span> <span class='ocrx_word' id='word_1_276' title='bbox 1394 2740 1433 2785; x_wconf 85' lang='lat' dir='ltr'><strong>ex</strong></span> <span class='ocrx_word' id='word_1_277' title='bbox 1449 2739 1490 2785; x_wconf 89' lang='lat' dir='ltr'><strong>eo</strong></span> <span class='ocrx_word' id='word_1_278' title='bbox 1516 2738 1585 2785; x_wconf 91' lang='lat' dir='ltr'><strong>non</strong></span> <span class='ocrx_word' id='word_1_279' title='bbox 1611 2715 1717 2814; x_wconf 90' lang='lat' dir='ltr'><strong>poteii</strong></span> <span class='ocrx_word' id='word_1_280' title='bbox 1741 2716 1878 2801; x_wconf 87' lang='lat' dir='ltr'><strong>inferri,</strong></span> <span class='ocrx_word' id='word_1_281' title='bbox 1898 2722 1991 2822; x_wconf 84' lang='lat' dir='ltr'><strong>quod</strong></span> <span class='ocrx_word' id='word_1_282' title='bbox 2021 2717 2129 2795; x_wconf 85' lang='lat' dir='ltr'><strong>sacra-</strong></span> 
     </span>
     <span class='ocr_line' id='line_1_24' title="bbox 303 2810 2129 2916; baseline 0.005 -34"><span class='ocrx_word' id='word_1_283' title='bbox 303 2851 307 2860; x_wconf 93' lang='lat'>·</span> <span class='ocrx_word' id='word_1_284' title='bbox 333 2814 424 2886; x_wconf 87' lang='lat' dir='ltr'><strong>usum</strong></span> <span class='ocrx_word' id='word_1_285' title='bbox 442 2823 476 2889; x_wconf 79' lang='lat' dir='ltr'><strong>dc</strong></span> <span class='ocrx_word' id='word_1_286' title='bbox 492 2815 620 2895; x_wconf 84' lang='lat' dir='ltr'><strong>finem,</strong></span> <span class='ocrx_word' id='word_1_287' title='bbox 653 2843 752 2916; x_wconf 90' lang='lat' dir='ltr'><strong>quem</strong></span> <span class='ocrx_word' id='word_1_288' title='bbox 779 2840 856 2890; x_wconf 86' lang='lat' dir='ltr'><strong>nov.</strong></span> <span class='ocrx_word' id='word_1_289' title='bbox 888 2815 957 2894; x_wconf 84' lang='lat' dir='ltr'><strong>teli.</strong></span> <span class='ocrx_word' id='word_1_290' title='bbox 986 2811 1208 2905; x_wconf 88' lang='lat' dir='ltr'><strong>sacramenta,</strong></span> <span class='ocrx_word' id='word_1_291' title='bbox 1253 2831 1360 2888; x_wconf 91' lang='lat' dir='ltr'><strong>menta</strong></span> <span class='ocrx_word' id='word_1_292' title='bbox 1388 2829 1452 2888; x_wconf 89' lang='lat' dir='ltr'><strong>vet.</strong></span> <span class='ocrx_word' id='word_1_293' title='bbox 1470 2810 1542 2885; x_wconf 86' lang='lat' dir='ltr'><strong>teil.</strong></span> <span class='ocrx_word' id='word_1_294' title='bbox 1571 2818 1700 2887; x_wconf 82' lang='lat' dir='ltr'><strong>ratione</strong></span> <span class='ocrx_word' id='word_1_295' title='bbox 1721 2819 1878 2914; x_wconf 81' lang='lat' dir='ltr'><strong>generalis</strong></span> <span class='ocrx_word' id='word_1_296' title='bbox 1901 2825 1975 2891; x_wconf 83' lang='lat' dir='ltr'><strong>imis</strong></span> <span class='ocrx_word' id='word_1_297' title='bbox 1999 2828 2033 2895; x_wconf 76' lang='grc' dir='ltr'><strong>ἁ</strong></span> <span class='ocrx_word' id='word_1_298' title='bbox 2059 2817 2129 2892; x_wconf 86' lang='lat' dir='ltr'><strong>usur</strong></span> 
     </span>
     <span class='ocr_line' id='line_1_25' title="bbox 312 2912 2128 3018; baseline 0.006 -37"><span class='ocrx_word' id='word_1_299' title='bbox 312 2942 315 2945; x_wconf 48' lang='lat'><strong>⁴</strong></span> <span class='ocrx_word' id='word_1_300' title='bbox 335 2913 481 2988; x_wconf 84' lang='lat' dir='ltr'><strong>videlicet</strong></span> <span class='ocrx_word' id='word_1_301' title='bbox 511 2913 756 3012; x_wconf 77' lang='lat' dir='ltr'><strong>promissionem</strong></span> <span class='ocrx_word' id='word_1_302' title='bbox 789 2920 898 3014; x_wconf 83' lang='lat' dir='ltr'><strong>gratiae</strong></span> <span class='ocrx_word' id='word_1_303' title='bbox 927 2920 1064 2989; x_wconf 82' lang='lat' dir='ltr'><strong>externis</strong></span> <span class='ocrx_word' id='word_1_304' title='bbox 1092 2915 1207 2989; x_wconf 73' lang='lat' dir='ltr'><strong>ritibus</strong></span> <span class='ocrx_word' id='word_1_305' title='bbox 1252 2940 1320 2989; x_wconf 90' lang='lat' dir='ltr'><strong>non</strong></span> <span class='ocrx_word' id='word_1_306' title='bbox 1336 2917 1548 2989; x_wconf 78' lang='lat' dir='ltr'><strong>conveniant,</strong></span> <span class='ocrx_word' id='word_1_307' title='bbox 1575 2912 1628 2985; x_wconf 91' lang='lat' dir='ltr'><strong>sed</strong></span> <span class='ocrx_word' id='word_1_308' title='bbox 1644 2916 1709 2986; x_wconf 92' lang='lat' dir='ltr'><strong>hoc</strong></span> <span class='ocrx_word' id='word_1_309' title='bbox 1723 2935 1849 2990; x_wconf 89' lang='lat' dir='ltr'><strong>tantum</strong></span> <span class='ocrx_word' id='word_1_310' title='bbox 1865 2944 1904 2991; x_wconf 87' lang='lat' dir='ltr'><strong>ex</strong></span> <span class='ocrx_word' id='word_1_311' title='bbox 1923 2945 1964 2993; x_wconf 85' lang='lat' dir='ltr'><strong>eo</strong></span> <span class='ocrx_word' id='word_1_312' title='bbox 1979 2917 2128 3018; x_wconf 84' lang='lat' dir='ltr'><strong>sequitur,</strong></span> 
     </span>
     <span class='ocr_line' id='line_1_26' title="bbox 335 3007 2127 3135; baseline 0.006 -53"><span class='ocrx_word' id='word_1_313' title='bbox 335 3011 553 3097; x_wconf 82' lang='lat' dir='ltr'><strong>confirmare,</strong></span> <span class='ocrx_word' id='word_1_314' title='bbox 586 3025 621 3090; x_wconf 77' lang='grc' dir='ltr'><strong>δι</strong></span> <span class='ocrx_word' id='word_1_315' title='bbox 654 3014 812 3088; x_wconf 81' lang='lat' dir='ltr'><strong>beneficia</strong></span> <span class='ocrx_word' id='word_1_316' title='bbox 834 3014 968 3112; x_wconf 84' lang='lat' dir='ltr'><strong>coelessia</strong></span> <span class='ocrx_word' id='word_1_317' title='bbox 1005 3015 1208 3088; x_wconf 80' lang='lat' dir='ltr'><strong>credentibus</strong></span> <span class='ocrx_word' id='word_1_318' title='bbox 1251 3014 1344 3113; x_wconf 89' lang='lat' dir='ltr'><strong>quod</strong></span> <span class='ocrx_word' id='word_1_319' title='bbox 1358 3014 1482 3084; x_wconf 87' lang='lat' dir='ltr'><strong>ratione</strong></span> <span class='ocrx_word' id='word_1_320' title='bbox 1498 3009 1640 3111; x_wconf 57' lang='lat' dir='ltr'><strong>fictitiae</strong></span> <span class='ocrx_word' id='word_1_321' title='bbox 1654 3007 1825 3090; x_wconf 89' lang='lat' dir='ltr'><strong>discrimen</strong></span> <span class='ocrx_word' id='word_1_322' title='bbox 1841 3017 1971 3135; x_wconf 76' lang='lat' dir='ltr'><strong>aliquod</strong></span> <span class='ocrx_word' id='word_1_323' title='bbox 1987 3018 2063 3117; x_wconf 79' lang='lat' dir='ltr'><strong>iplia</strong></span> <span class='ocrx_word' id='word_1_324' title='bbox 2078 3024 2127 3091; x_wconf 89' lang='lat' dir='ltr'><strong>in·</strong></span> 
     </span>
     <span class='ocr_line' id='line_1_27' title="bbox 335 3110 2129 3218; baseline 0.004 -38"><span class='ocrx_word' id='word_1_325' title='bbox 335 3110 503 3209; x_wconf 83' lang='lat' dir='ltr'><strong>adplicatc.</strong></span> <span class='ocrx_word' id='word_1_326' title='bbox 552 3120 608 3212; x_wconf 82' lang='lat'><strong>4.)</strong></span> <span class='ocrx_word' id='word_1_327' title='bbox 633 3117 739 3211; x_wconf 82' lang='lat' dir='ltr'><strong>Esum</strong></span> <span class='ocrx_word' id='word_1_328' title='bbox 766 3139 932 3191; x_wconf 73' lang='lat' dir='ltr'><strong>marinae.</strong></span> <span class='ocrx_word' id='word_1_329' title='bbox 963 3128 1083 3210; x_wconf 79' lang='lat' dir='ltr'><strong>potum</strong></span> <span class='ocrx_word' id='word_1_330' title='bbox 1104 3140 1210 3212; x_wconf 82' lang='lat' dir='ltr'><strong>oquae</strong></span> <span class='ocrx_word' id='word_1_331' title='bbox 1252 3112 1416 3189; x_wconf 67' lang='lat' dir='ltr'><strong>comedat,</strong></span> <span class='ocrx_word' id='word_1_332' title='bbox 1445 3111 1606 3211; x_wconf 77' lang='lat' dir='ltr'><strong>stquidem</strong></span> <span class='ocrx_word' id='word_1_333' title='bbox 1629 3137 1730 3211; x_wconf 78' lang='lat' dir='ltr'><strong>agnon</strong></span> <span class='ocrx_word' id='word_1_334' title='bbox 1761 3114 1918 3211; x_wconf 75' lang='lat' dir='ltr'><strong>paschalia</strong></span> <span class='ocrx_word' id='word_1_335' title='bbox 1943 3112 2010 3188; x_wconf 76' lang='lat' dir='ltr'><strong>luit</strong></span> <span class='ocrx_word' id='word_1_336' title='bbox 2035 3136 2129 3218; x_wconf 78' lang='lat' dir='ltr'><strong>typus</strong></span> 
     </span>
     <span class='ocr_line' id='line_1_28' title="bbox 337 3207 2129 3316; baseline 0.006 -36"><span class='ocrx_word' id='word_1_337' title='bbox 337 3234 378 3281; x_wconf 85' lang='lat' dir='ltr'><strong>rx</strong></span> <span class='ocrx_word' id='word_1_338' title='bbox 382 3225 482 3306; x_wconf 82' lang='lat' dir='ltr'><strong>petro</strong></span> <span class='ocrx_word' id='word_1_339' title='bbox 501 3218 720 3313; x_wconf 78' lang='lat' dir='ltr'><strong>profluentis,</strong></span> <span class='ocrx_word' id='word_1_340' title='bbox 759 3216 928 3315; x_wconf 73' lang='lat' dir='ltr'><strong>transtrum</strong></span> <span class='ocrx_word' id='word_1_341' title='bbox 943 3239 1006 3307; x_wconf 84' lang='lat' dir='ltr'><strong>per</strong></span> <span class='ocrx_word' id='word_1_342' title='bbox 1035 3239 1125 3287; x_wconf 83' lang='lat' dir='ltr'><strong>more</strong></span> <span class='ocrx_word' id='word_1_343' title='bbox 1147 3239 1209 3285; x_wconf 83' lang='lat' dir='ltr'><strong>rar-</strong></span> <span class='ocrx_word' id='word_1_344' title='bbox 1251 3207 1616 3314; x_wconf 81' lang='lat' dir='ltr'><strong>corpotis&amp;sanguiois</strong></span> <span class='ocrx_word' id='word_1_345' title='bbox 1632 3212 1778 3290; x_wconf 81' lang='lat' dir='ltr'><strong>chtisti.</strong></span> <span class='ocrx_word' id='word_1_346' title='bbox 1803 3241 1874 3316; x_wconf 74' lang='lat' dir='ltr'><strong>quae</strong></span> <span class='ocrx_word' id='word_1_347' title='bbox 1888 3217 2129 3290; x_wconf 78' lang='lat' dir='ltr'><strong>ineuchariiiia</strong></span> 
     </span>
     <span class='ocr_line' id='line_1_29' title="bbox 337 3311 2127 3413; baseline 0.006 -34"><span class='ocrx_word' id='word_1_348' title='bbox 337 3312 459 3404; x_wconf 81' lang='lat' dir='ltr'><strong>irum,</strong></span> <span class='ocrx_word' id='word_1_349' title='bbox 484 3313 556 3388; x_wconf 70' lang='lat' dir='ltr'><strong>&amp;a</strong></span> <span class='ocrx_word' id='word_1_350' title='bbox 587 3340 651 3385; x_wconf 82' lang='lat' dir='ltr'><strong>nora</strong></span> <span class='ocrx_word' id='word_1_351' title='bbox 671 3311 809 3412; x_wconf 80' lang='lat' dir='ltr'><strong>iabuiffr</strong></span> <span class='ocrx_word' id='word_1_352' title='bbox 833 3314 1065 3407; x_wconf 76' lang='lat' dir='ltr'><strong>promiffioneoa</strong></span> <span class='ocrx_word' id='word_1_353' title='bbox 1077 3317 1209 3413; x_wconf 80' lang='lat' dir='ltr'><strong>gratiae</strong></span> <span class='ocrx_word' id='word_1_354' title='bbox 1246 3312 1454 3388; x_wconf 59' lang='lat' dir='ltr'><strong>&#39;sacramento</strong></span> <span class='ocrx_word' id='word_1_355' title='bbox 1471 3336 1568 3403; x_wconf 80' lang='lat' dir='ltr'><strong>vere,</strong></span> <span class='ocrx_word' id='word_1_356' title='bbox 1593 3311 2127 3390; x_wconf 78' lang='lat' dir='ltr'><strong>realitet&amp;substantialiternobit</strong></span> 
     </span>
     <span class='ocr_line' id='line_1_30' title="bbox 335 3411 2130 3517; baseline 0.004 -36"><span class='ocrx_word' id='word_1_357' title='bbox 335 3414 519 3493; x_wconf 66' lang='lat' dir='ltr'><strong>adoream,</strong></span> <span class='ocrx_word' id='word_1_358' title='bbox 544 3437 616 3483; x_wconf 78' lang='lat' dir='ltr'><strong>rtem</strong></span> <span class='ocrx_word' id='word_1_359' title='bbox 633 3413 680 3488; x_wconf 53' lang='grc' dir='ltr'><strong>Εἴ</strong></span> <span class='ocrx_word' id='word_1_360' title='bbox 692 3413 1208 3511; x_wconf 75' lang='lat' dir='ltr'><strong>brflr&#39;r&#39;siraerfuerirrtrommurrio</strong></span> <span class='ocrx_word' id='word_1_361' title='bbox 1253 3412 1495 3488; x_wconf 71' lang='lat' dir='ltr'><strong>distribuuntur.</strong></span> <span class='ocrx_word' id='word_1_362' title='bbox 1570 3411 1623 3483; x_wconf 90' lang='lat' dir='ltr'><strong>De</strong></span> <span class='ocrx_word' id='word_1_363' title='bbox 1654 3413 1820 3509; x_wconf 75' lang='lat' dir='ltr'><strong>Augustini</strong></span> <span class='ocrx_word' id='word_1_364' title='bbox 1856 3412 2009 3489; x_wconf 87' lang='lat' dir='ltr'><strong>sententia</strong></span> <span class='ocrx_word' id='word_1_365' title='bbox 2032 3416 2130 3517; x_wconf 92' lang='lat' dir='ltr'><strong>paulo</strong></span> 
     </span>
     <span class='ocr_line' id='line_1_31' title="bbox 337 3504 1478 3613; baseline -0.004 -33"><span class='ocrx_word' id='word_1_366' title='bbox 337 3504 435 3605; x_wconf 85' lang='lat' dir='ltr'><strong>Resp.</strong></span> <span class='ocrx_word' id='word_1_367' title='bbox 457 3513 624 3583; x_wconf 89' lang='lat' dir='ltr'><strong>ordinaria</strong></span> <span class='ocrx_word' id='word_1_368' title='bbox 652 3533 715 3584; x_wconf 88' lang='lat' dir='ltr'><strong>vet.</strong></span> <span class='ocrx_word' id='word_1_369' title='bbox 734 3510 804 3585; x_wconf 88' lang='lat' dir='ltr'><strong>teil.</strong></span> <span class='ocrx_word' id='word_1_370' title='bbox 821 3510 1016 3584; x_wconf 85' lang='lat' dir='ltr'><strong>sacramenta</strong></span> <span class='ocrx_word' id='word_1_371' title='bbox 1034 3515 1208 3585; x_wconf 89' lang='lat' dir='ltr'><strong>circumci·</strong></span> <span class='ocrx_word' id='word_1_372' title='bbox 1253 3512 1325 3613; x_wconf 89' lang='lat' dir='ltr'><strong>poli</strong></span> <span class='ocrx_word' id='word_1_373' title='bbox 1346 3508 1478 3581; x_wconf 88' lang='lat' dir='ltr'><strong>dicetur.</strong></span> 
     </span>
     <span class='ocr_line' id='line_1_32' title="bbox 338 3604 1859 3710; baseline 0.003 -31"><span class='ocrx_word' id='word_1_374' title='bbox 338 3604 434 3706; x_wconf 75' lang='lat' dir='ltr'><strong>sto&amp;</strong></span> <span class='ocrx_word' id='word_1_375' title='bbox 453 3604 553 3706; x_wconf 79' lang='lat' dir='ltr'><strong>a&#39;gnus</strong></span> <span class='ocrx_word' id='word_1_376' title='bbox 568 3606 723 3709; x_wconf 78' lang='lat' dir='ltr'><strong>pascimin</strong></span> <span class='ocrx_word' id='word_1_377' title='bbox 749 3612 932 3684; x_wconf 87' lang='lat' dir='ltr'><strong>habuerunt</strong></span> <span class='ocrx_word' id='word_1_378' title='bbox 958 3608 1207 3707; x_wconf 78' lang='lat' dir='ltr'><strong>promissionem</strong></span> <span class='ocrx_word' id='word_1_379' title='bbox 1303 3607 1342 3710; x_wconf 52' lang='grc' dir='ltr'><strong>ᾗ.</strong></span> <span class='ocrx_word' id='word_1_380' title='bbox 1369 3608 1500 3685; x_wconf 85' lang='lat' dir='ltr'><strong>LXXI·</strong></span> <span class='ocrx_word' id='word_1_381' title='bbox 1527 3611 1592 3702; x_wconf 84' lang='lat' dir='ltr'><strong>V.)</strong></span> <span class='ocrx_word' id='word_1_382' title='bbox 1617 3611 1773 3709; x_wconf 81' lang='lat' dir='ltr'><strong>Qamvir</strong></span> <span class='ocrx_word' id='word_1_383' title='bbox 1794 3611 1859 3684; x_wconf 84' lang='lat' dir='ltr'><strong>dia·</strong></span> 
     </span>
     <span class='ocr_line' id='line_1_33' title="bbox 336 3704 2131 3821; baseline 0.007 -46"><span class='ocrx_word' id='word_1_384' title='bbox 336 3712 448 3804; x_wconf 77' lang='lat' dir='ltr'><strong>gratia:</strong></span> <span class='ocrx_word' id='word_1_385' title='bbox 485 3708 645 3812; x_wconf 88' lang='lat' dir='ltr'><strong>evangelii</strong></span> <span class='ocrx_word' id='word_1_386' title='bbox 676 3714 807 3809; x_wconf 86' lang='lat' dir='ltr'><strong>proprie</strong></span> <span class='ocrx_word' id='word_1_387' title='bbox 829 3712 1015 3798; x_wconf 86' lang='lat' dir='ltr'><strong>adnexam,</strong></span> <span class='ocrx_word' id='word_1_388' title='bbox 1052 3711 1143 3811; x_wconf 84' lang='lat' dir='ltr'><strong>quod</strong></span> <span class='ocrx_word' id='word_1_389' title='bbox 1166 3713 1208 3783; x_wconf 90' lang='lat' dir='ltr'><strong>ad</strong></span> <span class='ocrx_word' id='word_1_390' title='bbox 1256 3714 1382 3784; x_wconf 84' lang='lat' dir='ltr'><strong>crimen</strong></span> <span class='ocrx_word' id='word_1_391' title='bbox 1410 3704 1508 3780; x_wconf 90' lang='lat' dir='ltr'><strong>fuerit</strong></span> <span class='ocrx_word' id='word_1_392' title='bbox 1526 3713 1609 3782; x_wconf 86' lang='lat' dir='ltr'><strong>inter</strong></span> <span class='ocrx_word' id='word_1_393' title='bbox 1636 3709 1790 3783; x_wconf 84' lang='lat' dir='ltr'><strong>sacrificia</strong></span> <span class='ocrx_word' id='word_1_394' title='bbox 1822 3721 1858 3786; x_wconf 76' lang='grc' dir='ltr'><strong>δι</strong></span> <span class='ocrx_word' id='word_1_395' title='bbox 1906 3738 1960 3816; x_wconf 70' lang='lat'><strong>5.)</strong></span> <span class='ocrx_word' id='word_1_396' title='bbox 1993 3738 2131 3821; x_wconf 59' lang='lat' dir='ltr'><strong>smpffi,</strong></span> 
     </span>
     <span class='ocr_line' id='line_1_34' title="bbox 338 3804 2120 3903; baseline 0.003 -29"><span class='ocrx_word' id='word_1_397' title='bbox 338 3816 538 3903; x_wconf 86' lang='lat' dir='ltr'><strong>temporaria</strong></span> <span class='ocrx_word' id='word_1_398' title='bbox 558 3811 816 3882; x_wconf 84' lang='lat' dir='ltr'><strong>illasacrameuta</strong></span> <span class='ocrx_word' id='word_1_399' title='bbox 832 3810 1109 3898; x_wconf 80' lang='lat' dir='ltr'><strong>attinet,illanon</strong></span> <span class='ocrx_word' id='word_1_400' title='bbox 1125 3836 1207 3884; x_wconf 90' lang='lat' dir='ltr'><strong>con·</strong></span> <span class='ocrx_word' id='word_1_401' title='bbox 1256 3807 1451 3884; x_wconf 85' lang='lat' dir='ltr'><strong>sacramenta</strong></span> <span class='ocrx_word' id='word_1_402' title='bbox 1484 3814 1609 3882; x_wconf 86' lang='lat' dir='ltr'><strong>ratione</strong></span> <span class='ocrx_word' id='word_1_403' title='bbox 1638 3804 1763 3895; x_wconf 64' lang='lat' dir='ltr'><strong>dicant</strong></span> <span class='ocrx_word' id='word_1_404' title='bbox 1797 3808 1857 3887; x_wconf 72' lang='lat' dir='ltr'><strong>real</strong></span> <span class='ocrx_word' id='word_1_405' title='bbox 1914 3816 2120 3899; x_wconf 67' lang='lat' dir='ltr'><strong>confirmarem</strong></span> 
     </span>
     <span class='ocr_line' id='line_1_35' title="bbox 339 3895 2065 4005; baseline 0.005 -32"><span class='ocrx_word' id='word_1_406' title='bbox 339 3895 471 3977; x_wconf 82' lang='lat' dir='ltr'><strong>veniunt</strong></span> <span class='ocrx_word' id='word_1_407' title='bbox 485 3912 580 3980; x_wconf 89' lang='lat' dir='ltr'><strong>omni</strong></span> <span class='ocrx_word' id='word_1_408' title='bbox 594 3933 633 3979; x_wconf 87' lang='lat' dir='ltr'><strong>ex</strong></span> <span class='ocrx_word' id='word_1_409' title='bbox 649 3901 740 4002; x_wconf 82' lang='lat' dir='ltr'><strong>parre</strong></span> <span class='ocrx_word' id='word_1_410' title='bbox 759 3935 836 3981; x_wconf 91' lang='lat' dir='ltr'><strong>cum</strong></span> <span class='ocrx_word' id='word_1_411' title='bbox 857 3908 1058 3982; x_wconf 86' lang='lat' dir='ltr'><strong>sacramentis</strong></span> <span class='ocrx_word' id='word_1_412' title='bbox 1076 3912 1205 3983; x_wconf 86' lang='lat' dir='ltr'><strong>ordina·</strong></span> <span class='ocrx_word' id='word_1_413' title='bbox 1256 3902 1414 4005; x_wconf 54' lang='lat' dir='ltr'><strong>&gt;tidem</strong></span> <span class='ocrx_word' id='word_1_414' title='bbox 1438 3910 1471 3977; x_wconf 89' lang='lat' dir='ltr'><strong>in</strong></span> <span class='ocrx_word' id='word_1_415' title='bbox 1483 3903 1685 3984; x_wconf 77' lang='lat' dir='ltr'><strong>sacramentis</strong></span> <span class='ocrx_word' id='word_1_416' title='bbox 1694 3916 1783 3982; x_wconf 90' lang='lat' dir='ltr'><strong>enim</strong></span> <span class='ocrx_word' id='word_1_417' title='bbox 1797 3936 1854 3983; x_wconf 83' lang='lat' dir='ltr'><strong>ac·</strong></span> <span class='ocrx_word' id='word_1_418' title='bbox 1964 3900 2065 3983; x_wconf 54' lang='grc' dir='ltr'><strong>μ’·</strong></span> 
     </span>
     <span class='ocr_line' id='line_1_36' title="bbox 337 4002 1858 4105; baseline 0.001 -22"><span class='ocrx_word' id='word_1_419' title='bbox 337 4006 412 4083; x_wconf 76' lang='lat' dir='ltr'><strong>riis,</strong></span> <span class='ocrx_word' id='word_1_420' title='bbox 451 4007 580 4102; x_wconf 85' lang='lat' dir='ltr'><strong>interim</strong></span> <span class='ocrx_word' id='word_1_421' title='bbox 604 4030 711 4077; x_wconf 87' lang='lat' dir='ltr'><strong>tamen</strong></span> <span class='ocrx_word' id='word_1_422' title='bbox 733 4002 861 4095; x_wconf 85' lang='lat' dir='ltr'><strong>suerunt</strong></span> <span class='ocrx_word' id='word_1_423' title='bbox 883 4010 997 4079; x_wconf 90' lang='lat' dir='ltr'><strong>itidem</strong></span> <span class='ocrx_word' id='word_1_424' title='bbox 1022 4012 1206 4082; x_wconf 85' lang='lat' dir='ltr'><strong>testimonia</strong></span> <span class='ocrx_word' id='word_1_425' title='bbox 1257 4022 1408 4105; x_wconf 86' lang='lat' dir='ltr'><strong>ceperunt</strong></span> <span class='ocrx_word' id='word_1_426' title='bbox 1422 4005 1541 4105; x_wconf 86' lang='lat' dir='ltr'><strong>aliquid</strong></span> <span class='ocrx_word' id='word_1_427' title='bbox 1553 4034 1575 4101; x_wconf 84' lang='lat' dir='ltr'><strong>a</strong></span> <span class='ocrx_word' id='word_1_428' title='bbox 1593 4012 1688 4085; x_wconf 91' lang='lat' dir='ltr'><strong>Deo:</strong></span> <span class='ocrx_word' id='word_1_429' title='bbox 1713 4014 1747 4084; x_wconf 93' lang='lat' dir='ltr'><strong>in</strong></span> <span class='ocrx_word' id='word_1_430' title='bbox 1762 4003 1858 4085; x_wconf 81' lang='lat' dir='ltr'><strong>sacri·</strong></span> 
     </span>
     <span class='ocr_line' id='line_1_37' title="bbox 335 4099 2130 4210; baseline 0.009 -37"><span class='ocrx_word' id='word_1_431' title='bbox 335 4099 453 4173; x_wconf 83' lang='lat' dir='ltr'><strong>divinae</strong></span> <span class='ocrx_word' id='word_1_432' title='bbox 470 4111 579 4199; x_wconf 80' lang='lat' dir='ltr'><strong>gratia</strong></span> <span class='ocrx_word' id='word_1_433' title='bbox 598 4103 908 4178; x_wconf 77' lang='lat' dir='ltr'><strong>&amp;confirmationes</strong></span> <span class='ocrx_word' id='word_1_434' title='bbox 923 4104 1001 4179; x_wconf 88' lang='lat' dir='ltr'><strong>fidei</strong></span> <span class='ocrx_word' id='word_1_435' title='bbox 1022 4111 1055 4177; x_wconf 91' lang='lat' dir='ltr'><strong>in</strong></span> <span class='ocrx_word' id='word_1_436' title='bbox 1075 4108 1209 4181; x_wconf 84' lang='lat' dir='ltr'><strong>creden·</strong></span> <span class='ocrx_word' id='word_1_437' title='bbox 1256 4108 1337 4181; x_wconf 84' lang='lat' dir='ltr'><strong>liciis</strong></span> <span class='ocrx_word' id='word_1_438' title='bbox 1351 4129 1388 4176; x_wconf 89' lang='lat' dir='ltr'><strong>ex</strong></span> <span class='ocrx_word' id='word_1_439' title='bbox 1405 4107 1602 4181; x_wconf 82' lang='lat' dir='ltr'><strong>institutione</strong></span> <span class='ocrx_word' id='word_1_440' title='bbox 1626 4114 1689 4183; x_wconf 90' lang='lat' dir='ltr'><strong>Dei</strong></span> <span class='ocrx_word' id='word_1_441' title='bbox 1713 4109 1773 4209; x_wconf 86' lang='lat' dir='ltr'><strong>ipii</strong></span> <span class='ocrx_word' id='word_1_442' title='bbox 1789 4110 1908 4210; x_wconf 89' lang='lat' dir='ltr'><strong>aliquid</strong></span> <span class='ocrx_word' id='word_1_443' title='bbox 1927 4113 2130 4190; x_wconf 89' lang='lat' dir='ltr'><strong>obtulerunt:</strong></span> 
     </span>
     <span class='ocr_line' id='line_1_38' title="bbox 339 4200 2132 4303; baseline 0.009 -33"><span class='ocrx_word' id='word_1_444' title='bbox 339 4200 442 4283; x_wconf 83' lang='lat' dir='ltr'><strong>tibus,</strong></span> <span class='ocrx_word' id='word_1_445' title='bbox 473 4230 536 4303; x_wconf 88' lang='lat' dir='ltr'><strong>qua</strong></span> <span class='ocrx_word' id='word_1_446' title='bbox 559 4211 687 4276; x_wconf 78' lang='lat' dir='ltr'><strong>ratione</strong></span> <span class='ocrx_word' id='word_1_447' title='bbox 708 4231 783 4277; x_wconf 88' lang='lat' dir='ltr'><strong>cum</strong></span> <span class='ocrx_word' id='word_1_448' title='bbox 808 4202 1013 4279; x_wconf 74' lang='lat' dir='ltr'><strong>sacramentis</strong></span> <span class='ocrx_word' id='word_1_449' title='bbox 1033 4203 1208 4279; x_wconf 80' lang='lat' dir='ltr'><strong>conferun-</strong></span> <span class='ocrx_word' id='word_1_450' title='bbox 1258 4225 1294 4279; x_wconf 90' lang='lat' dir='ltr'><strong>ut</strong></span> <span class='ocrx_word' id='word_1_451' title='bbox 1317 4213 1353 4280; x_wconf 79' lang='grc' dir='ltr'><strong>δι</strong></span> <span class='ocrx_word' id='word_1_452' title='bbox 1371 4209 1497 4279; x_wconf 84' lang='lat' dir='ltr'><strong>ratione</strong></span> <span class='ocrx_word' id='word_1_453' title='bbox 1518 4209 1654 4281; x_wconf 74' lang='lat' dir='ltr'><strong>aelionis</strong></span> <span class='ocrx_word' id='word_1_454' title='bbox 1687 4229 1841 4296; x_wconf 58' lang='lat' dir='ltr'><strong>exteram</strong></span> <span class='ocrx_word' id='word_1_455' title='bbox 1865 4218 1899 4282; x_wconf 89' lang='lat' dir='ltr'><strong>in</strong></span> <span class='ocrx_word' id='word_1_456' title='bbox 1926 4211 2132 4288; x_wconf 72' lang='lat' dir='ltr'><strong>sacramentii</strong></span> 
     </span>
     <span class='ocr_line' id='line_1_39' title="bbox 337 4304 2128 4409; baseline 0.01 -40"><span class='ocrx_word' id='word_1_457' title='bbox 337 4317 398 4370; x_wconf 90' lang='lat' dir='ltr'><strong>tur.</strong></span> <span class='ocrx_word' id='word_1_458' title='bbox 459 4308 517 4394; x_wconf 83' lang='lat'><strong>5.)</strong></span> <span class='ocrx_word' id='word_1_459' title='bbox 540 4308 671 4377; x_wconf 81' lang='lat' dir='ltr'><strong>Marma</strong></span> <span class='ocrx_word' id='word_1_460' title='bbox 687 4304 735 4380; x_wconf 58' lang='grc' dir='ltr'><strong>ἔθ’</strong></span> <span class='ocrx_word' id='word_1_461' title='bbox 751 4309 1209 4404; x_wconf 81' lang='lat' dir='ltr'><strong>aquamdrprrrastarrrrietr·</strong></span> <span class='ocrx_word' id='word_1_462' title='bbox 1257 4311 1345 4381; x_wconf 86' lang='lat' dir='ltr'><strong>enim</strong></span> <span class='ocrx_word' id='word_1_463' title='bbox 1367 4307 1454 4377; x_wconf 83' lang='lat' dir='ltr'><strong>Deus</strong></span> <span class='ocrx_word' id='word_1_464' title='bbox 1470 4332 1544 4379; x_wconf 89' lang='lat' dir='ltr'><strong>cum</strong></span> <span class='ocrx_word' id='word_1_465' title='bbox 1567 4310 1751 4384; x_wconf 74' lang='lat' dir='ltr'><strong>horninibus</strong></span> <span class='ocrx_word' id='word_1_466' title='bbox 1775 4314 1858 4409; x_wconf 85' lang='lat' dir='ltr'><strong>egit,</strong></span> <span class='ocrx_word' id='word_1_467' title='bbox 1897 4316 1931 4384; x_wconf 90' lang='lat' dir='ltr'><strong>iu</strong></span> <span class='ocrx_word' id='word_1_468' title='bbox 1963 4307 2128 4387; x_wconf 72' lang='lat' dir='ltr'><strong>sacrificiis</strong></span> 
     </span>
     <span class='ocr_line' id='line_1_40' title="bbox 335 4403 2131 4504; baseline 0.01 -35"><span class='ocrx_word' id='word_1_469' title='bbox 335 4411 398 4470; x_wconf 79' lang='lat' dir='ltr'><strong>tem</strong></span> <span class='ocrx_word' id='word_1_470' title='bbox 413 4407 520 4474; x_wconf 83' lang='lat' dir='ltr'><strong>vorari</strong></span> <span class='ocrx_word' id='word_1_471' title='bbox 534 4408 636 4476; x_wconf 80' lang='lat' dir='ltr'><strong>riirom</strong></span> <span class='ocrx_word' id='word_1_472' title='bbox 652 4403 700 4480; x_wconf 59' lang='lat' dir='ltr'><strong>ds</strong></span> <span class='ocrx_word' id='word_1_473' title='bbox 710 4418 828 4499; x_wconf 82' lang='lat' dir='ltr'><strong>potum</strong></span> <span class='ocrx_word' id='word_1_474' title='bbox 840 4406 1047 4501; x_wconf 73' lang='lat' dir='ltr'><strong>spiritualem</strong></span> <span class='ocrx_word' id='word_1_475' title='bbox 1060 4432 1124 4478; x_wconf 87' lang='lat' dir='ltr'><strong>rrorr</strong></span> <span class='ocrx_word' id='word_1_476' title='bbox 1131 4431 1210 4501; x_wconf 83' lang='lat' dir='ltr'><strong>pro-</strong></span> <span class='ocrx_word' id='word_1_477' title='bbox 1259 4408 1409 4479; x_wconf 76' lang='lat' dir='ltr'><strong>hominen</strong></span> <span class='ocrx_word' id='word_1_478' title='bbox 1425 4425 1560 4504; x_wconf 81' lang='lat' dir='ltr'><strong>egerunt</strong></span> <span class='ocrx_word' id='word_1_479' title='bbox 1576 4433 1652 4480; x_wconf 90' lang='lat' dir='ltr'><strong>cum</strong></span> <span class='ocrx_word' id='word_1_480' title='bbox 1667 4412 1756 4483; x_wconf 82' lang='lat' dir='ltr'><strong>Deo:</strong></span> <span class='ocrx_word' id='word_1_481' title='bbox 1781 4415 1814 4480; x_wconf 88' lang='lat' dir='ltr'><strong>in</strong></span> <span class='ocrx_word' id='word_1_482' title='bbox 1829 4409 1888 4485; x_wconf 81' lang='lat' dir='ltr'><strong>illis</strong></span> <span class='ocrx_word' id='word_1_483' title='bbox 1903 4434 1957 4483; x_wconf 85' lang='lat' dir='ltr'><strong>am</strong></span> <span class='ocrx_word' id='word_1_484' title='bbox 1981 4412 2131 4487; x_wconf 82' lang='lat' dir='ltr'><strong>utebatur</strong></span> 
     </span>
     <span class='ocr_line' id='line_1_41' title="bbox 334 4435 2128 4609; baseline 0.011 -41"><span class='ocrx_word' id='word_1_485' title='bbox 334 4512 409 4594; x_wconf 83' lang='lat' dir='ltr'><strong>pter</strong></span> <span class='ocrx_word' id='word_1_486' title='bbox 421 4501 593 4598; x_wconf 53' lang='lat' dir='ltr'><strong>pliadum,</strong></span> <span class='ocrx_word' id='word_1_487' title='bbox 606 4504 668 4600; x_wconf 84' lang='lat' dir='ltr'><strong>sed</strong></span> <span class='ocrx_word' id='word_1_488' title='bbox 676 4521 815 4599; x_wconf 83' lang='lat' dir='ltr'><strong>propter</strong></span> <span class='ocrx_word' id='word_1_489' title='bbox 827 4506 973 4600; x_wconf 81' lang='lat' dir='ltr'><strong>couscrm,</strong></span> <span class='ocrx_word' id='word_1_490' title='bbox 998 4511 1211 4603; x_wconf 80' lang='lat' dir='ltr'><strong>quinutrtatn·</strong></span> <span class='ocrx_word' id='word_1_491' title='bbox 1258 4510 1477 4605; x_wconf 80' lang='lat' dir='ltr'><strong>praeputium,</strong></span> <span class='ocrx_word' id='word_1_492' title='bbox 1505 4505 1739 4581; x_wconf 87' lang='lat' dir='ltr'><strong>comedebatur</strong></span> <span class='ocrx_word' id='word_1_493' title='bbox 1764 4533 1865 4606; x_wconf 81' lang='lat' dir='ltr'><strong>agnus</strong></span> <span class='ocrx_word' id='word_1_494' title='bbox 1887 4435 2128 4609; x_wconf 61' lang='lat' dir='ltr'><strong>pasclalnnc.</strong></span> 
     </span>
     <span class='ocr_line' id='line_1_42' title="bbox 338 4603 2130 4707; baseline 0.008 -39"><span class='ocrx_word' id='word_1_495' title='bbox 338 4624 398 4697; x_wconf 83' lang='lat' dir='ltr'><strong>qur</strong></span> <span class='ocrx_word' id='word_1_496' title='bbox 410 4617 480 4671; x_wconf 82' lang='lat' dir='ltr'><strong>erat</strong></span> <span class='ocrx_word' id='word_1_497' title='bbox 492 4605 687 4695; x_wconf 77' lang='lat' dir='ltr'><strong>produiium</strong></span> <span class='ocrx_word' id='word_1_498' title='bbox 704 4630 766 4696; x_wconf 82' lang='lat' dir='ltr'><strong>prr</strong></span> <span class='ocrx_word' id='word_1_499' title='bbox 789 4608 979 4676; x_wconf 82' lang='lat' dir='ltr'><strong>miraculum</strong></span> <span class='ocrx_word' id='word_1_500' title='bbox 999 4631 1097 4699; x_wconf 81' lang='lat' dir='ltr'><strong>opero</strong></span> <span class='ocrx_word' id='word_1_501' title='bbox 1111 4631 1209 4705; x_wconf 77' lang='lat' dir='ltr'><strong>argr-</strong></span> <span class='ocrx_word' id='word_1_502' title='bbox 1258 4610 1291 4677; x_wconf 89' lang='lat' dir='ltr'><strong>io</strong></span> <span class='ocrx_word' id='word_1_503' title='bbox 1307 4608 1355 4679; x_wconf 85' lang='lat' dir='ltr'><strong>his</strong></span> <span class='ocrx_word' id='word_1_504' title='bbox 1370 4606 1513 4679; x_wconf 88' lang='lat' dir='ltr'><strong>adhibito</strong></span> <span class='ocrx_word' id='word_1_505' title='bbox 1527 4609 1629 4707; x_wconf 84' lang='lat' dir='ltr'><strong>igne,</strong></span> <span class='ocrx_word' id='word_1_506' title='bbox 1653 4610 1767 4687; x_wconf 88' lang='lat' dir='ltr'><strong>thure,</strong></span> <span class='ocrx_word' id='word_1_507' title='bbox 1789 4610 1888 4686; x_wconf 83' lang='lat' dir='ltr'><strong>oleo,</strong></span> <span class='ocrx_word' id='word_1_508' title='bbox 1914 4603 1979 4682; x_wconf 84' lang='lat' dir='ltr'><strong>sale</strong></span> <span class='ocrx_word' id='word_1_509' title='bbox 1992 4619 2058 4685; x_wconf 78' lang='lat' dir='ltr'><strong>&amp;o</strong></span> <span class='ocrx_word' id='word_1_510' title='bbox 2084 4615 2130 4681; x_wconf 80' lang='lat' dir='ltr'><strong>vi·</strong></span> 
     </span>
     <span class='ocr_line' id='line_1_43' title="bbox 336 4700 2130 4815; baseline 0.008 -45"><span class='ocrx_word' id='word_1_511' title='bbox 336 4704 442 4770; x_wconf 83' lang='lat' dir='ltr'><strong>iorum</strong></span> <span class='ocrx_word' id='word_1_512' title='bbox 458 4700 516 4775; x_wconf 55' lang='lat' dir='ltr'><strong>&#39;if</strong></span> <span class='ocrx_word' id='word_1_513' title='bbox 531 4716 670 4799; x_wconf 83' lang='lat' dir='ltr'><strong>propter</strong></span> <span class='ocrx_word' id='word_1_514' title='bbox 680 4704 958 4815; x_wconf 68' lang='lat' dir='ltr'><strong>ſjgnissratr&#39;ourm.</strong></span> <span class='ocrx_word' id='word_1_515' title='bbox 1012 4701 1108 4804; x_wconf 86' lang='lat' dir='ltr'><strong>Reip.</strong></span> <span class='ocrx_word' id='word_1_516' title='bbox 1134 4701 1210 4779; x_wconf 87' lang='lat' dir='ltr'><strong>sane</strong></span> <span class='ocrx_word' id='word_1_517' title='bbox 1259 4706 1358 4777; x_wconf 67' lang='lat' dir='ltr'><strong>etima</strong></span> <span class='ocrx_word' id='word_1_518' title='bbox 1380 4706 1577 4779; x_wconf 79' lang='lat' dir='ltr'><strong>cremabatur</strong></span> <span class='ocrx_word' id='word_1_519' title='bbox 1593 4705 1644 4777; x_wconf 93' lang='lat' dir='ltr'><strong>vel</strong></span> <span class='ocrx_word' id='word_1_520' title='bbox 1666 4728 1756 4785; x_wconf 78' lang='lat' dir='ltr'><strong>tota,</strong></span> <span class='ocrx_word' id='word_1_521' title='bbox 1785 4707 1834 4780; x_wconf 88' lang='lat' dir='ltr'><strong>vel</strong></span> <span class='ocrx_word' id='word_1_522' title='bbox 1850 4730 1936 4782; x_wconf 84' lang='lat' dir='ltr'><strong>certe</strong></span> <span class='ocrx_word' id='word_1_523' title='bbox 1959 4735 2032 4809; x_wconf 76' lang='lat' dir='ltr'><strong>pate</strong></span> <span class='ocrx_word' id='word_1_524' title='bbox 2050 4712 2130 4786; x_wconf 79' lang='lat' dir='ltr'><strong>illim</strong></span> 
     </span>
     <span class='ocr_line' id='line_1_44' title="bbox 326 4801 2130 5010; baseline 0.01 -43"><span class='ocrx_word' id='word_1_525' title='bbox 326 4801 1208 5002; x_wconf 59' lang='lat' dir='ltr'><strong>titliii‘a‘ttitiltitltiizlpttll</strong></span> <span class='ocrx_word' id='word_1_526' title='bbox 1254 4806 2130 5010; x_wconf 47' lang='lat' dir='ltr'><strong>tilia&amp;iiiiiiltitilq‘ltll‘i&#39;it</strong></span> 
     </span>
     <span class='ocr_line' id='line_1_45' title="bbox 339 4997 2129 5106; baseline 0.009 -38"><span class='ocrx_word' id='word_1_527' title='bbox 339 4997 470 5093; x_wconf 86' lang='lat' dir='ltr'><strong>interim</strong></span> <span class='ocrx_word' id='word_1_528' title='bbox 489 5015 598 5073; x_wconf 86' lang='lat' dir='ltr'><strong>tamen</strong></span> <span class='ocrx_word' id='word_1_529' title='bbox 619 5000 822 5076; x_wconf 76' lang='lat' dir='ltr'><strong>credentibus</strong></span> <span class='ocrx_word' id='word_1_530' title='bbox 842 4998 976 5076; x_wconf 83' lang='lat' dir='ltr'><strong>fuemnt</strong></span> <span class='ocrx_word' id='word_1_531' title='bbox 995 5009 1106 5103; x_wconf 82' lang='lat' dir='ltr'><strong>gratia</strong></span> <span class='ocrx_word' id='word_1_532' title='bbox 1124 5003 1207 5075; x_wconf 83' lang='lat' dir='ltr'><strong>diri·</strong></span> <span class='ocrx_word' id='word_1_533' title='bbox 1253 5010 1462 5081; x_wconf 78' lang='lat' dir='ltr'><strong>conveniunt.</strong></span> <span class='ocrx_word' id='word_1_534' title='bbox 1515 5009 1713 5106; x_wconf 72' lang='lat' dir='ltr'><strong>Qaauquam</strong></span> <span class='ocrx_word' id='word_1_535' title='bbox 1736 5010 1880 5083; x_wconf 87' lang='lat' dir='ltr'><strong>enim-in</strong></span> <span class='ocrx_word' id='word_1_536' title='bbox 1901 5001 2071 5090; x_wconf 70' lang='lat' dir='ltr'><strong>sacrificiis</strong></span> <span class='ocrx_word' id='word_1_537' title='bbox 2090 5012 2129 5084; x_wconf 86' lang='lat' dir='ltr'><strong>ab</strong></span> 
     </span>
    </p>
   </div>
   <div class='ocr_carea' id='block_1_5' title="bbox 2025 5114 2130 5189">
    <p class='ocr_par' dir='ltr' id='par_1_5' title="bbox 2025 5114 2130 5189">
     <span class='ocr_line' id='line_1_46' title="bbox 2025 5114 2130 5189; baseline -0.048 -2"><span class='ocrx_word' id='word_1_538' title='bbox 2025 5114 2130 5189; x_wconf 83' lang='lat' dir='ltr'><strong>homi·</strong></span> 
     </span>
    </p>
   </div>
   <div class='ocr_carea' id='block_1_6' title="bbox 0 0 2471 5809">
    <p class='ocr_par' dir='ltr' id='par_1_6' title="bbox 0 0 2471 5809">
     <span class='ocr_line' id='line_1_47' title="bbox 0 0 2471 5809; baseline 0 0"><span class='ocrx_word' id='word_1_539' title='bbox 0 0 2471 5809; x_wconf 95' lang='lat' dir='ltr'><strong> </strong></span> 
     </span>
    </p>
   </div>
  </div>
 </body>
</html>
