4900 5809
423 371 475 450 4¹
658 425 662 436 ι
755 351 869 420 ¹·
1088 278 1731 432 ,aoctxvtr.·cul’.·11·.··.'
1854 415 1872 436 .

427 521 519 598 nabis
528 519 611 623 serit
622 533 817 619 perranum·
838 511 894 588 uli
913 510 1055 587 ollandit
1075 511 1311 586 reconciliatio·
1354 540 1394 613 :p·
1415 536 1495 599 272.
1521 515 1617 613 Resp.
1633 513 1667 586 in
1681 511 1819 602 articulis
1833 512 1909 589 met
1929 516 2065 607 noo-eli
2080 501 2268 595 disteden·

426 621 652 700 nistnodum.
666 621 756 723 quod
772 617 1027 715 seilicetpeccata
1048 615 1155 698 nostra
1174 613 1311 692 incluti.-
1363 610 1484 685 duma
1508 613 1622 687 literali
1646 614 1820 692 verborum
1849 610 1967 697 sensu,
1994 620 2055 693 rtisr
2081 618 2147 720 ipsa
2170 616 2249 693 scri·

385 813 388 818 Ι
430 727 517 800 stum
533 728 725 818 conjecerit,
742 730 777 794 ἀ
791 719 852 790 ltac
869 717 992 788 tatione
1006 738 1063 813 per
1080 711 1205 792 Chrilli
1218 737 1312 804 mor·
1363 732 1458 813 ptura
1481 717 1767 814 improprietatem
1791 712 1939 789 oslendat
1952 770 1966 797 ,
1982 741 2130 818 ‘eamque
2148 720 2250 796 strnul

433 850 501 898 tem
517 847 552 894 ac
567 817 821 896 satisfallionem
842 817 936 889 nobis
958 816 1075 885 iterum
1101 812 1241 912 placat-ua
1258 811 1311 889 fit.
1366 832 1530 915 exponat,
1556 839 1592 887 ut
1614 814 1690 888 alibi
1710 812 1889 889 docuimus.
1938 820 2010 994 Qu
2031 824 2128 921 igitur
2148 821 2250 894 auda·

435 928 510 998 Nec
536 919 616 1003 esl,
653 919 746 1019 quod
770 917 917 991 obrettar
947 909 1162 986 catechismus
1186 919 1313 990 Racou.
1353 921 1414 988 cia
1437 913 1677 998 redemtionem
1709 922 1744 987 &
1770 920 1910 1014 pretimn
1939 942 1973 994 te
1997 922 2156 995 emtionis·
2173 948 2249 996 arro·

435 1052 468 1124 p.
491 1048 571 1106 274.
602 1025 714 1096 Deam
732 1020 836 1117 ipsam
851 1010 960 1115 feciffe
979 1014 1068 1085 lrarre-
1090 1017 1314 1086 reconciliatio·
1366 1013 1532 1113 taplrorice
1544 1018 1747 1115 interpretati
1761 1019 1898 1101 audent,
1924 1043 1999 1092 cum
2014 1022 2107 1116 hujus
2120 1016 2183 1093 suae
2197 1024 2246 1095 itt-

435 1150 529 1203 neat,
554 1123 837 1220 qaodsententiam
859 1118 1000 1213 saffiram
1019 1118 1151 1209 penitas
1166 1126 1340 1196 evertam·
1363 1107 1603 1213 terpretittionis
1620 1114 1670 1187 vel
1685 1117 1794 1214 potius
1814 1116 2028 1215 perversioris
2047 1118 2171 1194 nullum
2189 1121 2248 1196 ad·

435 1223 514 1295 illud
532 1226 620 1296 enim
641 1221 722 1293 nihil
740 1216 827 1291 aliud
841 1214 979 1315 probat,
1006 1239 1103 1312 quarn
1118 1214 1207 1314 quod
1224 1220 1315 1287 Deus
1363 1211 1473 1290 serant
1495 1243 1534 1288 ex
1561 1213 1721 1314 scripturis
1746 1214 1943 1315 uestigium?
1976 1219 2062 1291 Vera
2081 1225 2248 1319 captivitas

435 1321 526 1397 suam
543 1327 576 1395 in
592 1323 655 1396 hoc
675 1316 947 1392 reconciliationis
961 1338 1060 1411 opere
1073 1318 1239 1386 caritatem
1257 1337 1317 1385 no·
1364 1338 1475 1389 vetant
1495 1314 1735 1389 redemtionem
1752 1341 1791 1388 aa
1812 1342 1928 1388 verum
1940 1316 2152 1393 redemtionis
2172 1344 2256 1419 pre·.

436 1422 488 1508 bis
503 1424 792 1495 commendaverit.
814 1421 914 1489 Rom.
933 1416 972 1483 V.
992 1430 1024 1486 t.
1056 1420 1098 1486 At
1121 1416 1155 1485 in
1176 1438 1219 1486 eu
1243 1408 1314 1511 ipso
1363 1420 1444 1488 tium
1461 1419 1578 1513 exigit,
1604 1440 1664 1490 nos
1694 1435 1802 1487 autern
1825 1442 1901 1489 vete
1922 1441 2049 1492 eramus
2069 1423 2185 1518 captivi
2211 1422 2245 1489 in

436 1520 590 1620 justitiam
619 1524 682 1596 Dei
707 1517 793 1594 clare
827 1506 977 1586 effulsisse
1006 1514 1120 1585 itidem
1145 1506 1314 1584 nobiscum
1365 1540 1469 1612 regno
1486 1511 1654 1586 latanaeae
1672 1520 1789 1586 mortis
1806 1536 1941 1613 propter
1959 1538 2148 1613 peccatum.
2168 1543 2246 1591 veta

439 1617 635 1720 agnoscant,
653 1637 808 1722 quatenus
820 1617 1025 1711 unigenitoris
1042 1615 1107 1689 Dei
1123 1610 1238 1682 Filium
1254 1633 1314 1708 pto
1363 1617 1462 1713 igitur
1490 1614 1694 1687 redemtione
1720 1639 1759 1685 ae
1790 1639 1869 1686 veto
1896 1615 2104 1693 redemtionis
2138 1621 2245 1718 pretio

333 1761 335 1770 ·
435 1721 533 1795 nobis
546 1727 749 1809 inmottem,
760 1741 897 1810 eamque
911 1708 1144 1796 exsecrabilem,
1160 1710 1243 1782 tradi
1259 1733 1315 1782 ne-
1363 1714 1404 1785 ad
1420 1712 1647 1786 liberationem
1669 1712 1903 1811 indigebamus.
1954 1715 2035 1790 lllod
2048 1723 2188 1815 pretium
2206 1733 2245 1789 a'c

336 1839 340 1852 '
435 1817 703 1900 eeffuriumfuit,
729 1844 765 1890 ut
786 1814 887 1887 nollri
911 1838 985 1886 cum
1000 1814 1075 1884 Deo
1094 1812 1315 1883 reconciliatio
1360 1808 1487 1917 λύτρον
1501 1809 1663 1902 nonfuit,
1681 1839 1741 1885 nec
1758 1806 1821 1886 else
1839 1817 1944 1911 potuit
1961 1819 2166 1911 corruptibile
2183 1842 2244 1891 att·

390 1955 394 1964 ·
435 1920 699 1995 incommune
730 1915 864 2015 pollet,
903 1911 990 1983 unde
1020 1905 1135 1984 diserte
1158 1909 1316 1995 additur,
1361 1939 1438 1987 rum
1457 1917 1508 1986 ael
1530 1927 1721 2015 argentum,
1739 1911 1801 2009 sed
1815 1916 1978 2009 pretiosas
1990 1919 2069 1989 Filii
2086 1920 2153 1990 Dei
2158 1916 2244 2015 sarn-

306 2047 311 2056 ’
435 2027 547 2098 Deum
570 2047 631 2093 nos
653 2019 709 2091 sibi
735 2013 794 2115 ipsi
811 2007 1024 2085 reconciliasse
1047 2037 1105 2109 per
1125 2010 1315 2089 Chrillum,
1386 2016 1684 2093 ais.1Pet.1.19.
1720 2016 1863 2086 lnnnota
1889 2020 1988 2113 igitur
2014 2015 2058 2089 eli
2076 2008 2244 2092 haccon·

437 2148 496 2222 per
513 2115 797 2210 mortemCltrilli,
811 2133 966 2209 tanquam
981 2108 1249 2209 pretimnnollrae
1265 2135 1316 2180 re·
1358 2040 1543 2210 sequentia:
1571 2135 1661 2183 mors
1677 2112 1800 2190 Christi
1814 2117 1857 2185 in.
1870 2113 2059 2188 libtratione
2075 2122 2175 2191 nostri
2193 2123 2244 2189 in·

320 2261 324 2270 ·
438 2222 625 2293 (luntianis.
686 2215 837 2293 Chrillus
866 2217 965 2308 igitur
1002 2234 1062 2281 nos
1093 2207 1314 2281 reconciliavit
1361 2218 1669 2310 tervcnittanquam
1690 2209 1817 2316 >alapae
1838 2220 1872 2286 dt
1890 2212 2104 2320 ἀντίλυτρον.
2151 2223 2242 2318 Ergo

259 2397 261 2404 ,
372 2361 374 2366 ·
440 2327 540 2401 Deo,
559 2316 686 2391 sublatis
705 2310 1017 2389 iuitniciriecausts,
1040 2307 1184 2386 hocell,
1205 2313 1316 2403 expia·
1362 2311 1508 2384 liberatio
1530 2311 1581 2382 illa
1601 2313 1738 2384 estvere
1760 2315 2097 2412 &properent-dieta
2116 2315 2243 2393 redem-

260 2411 264 2438 ¹
432 2425 482 2496 tir
499 2445 563 2516 per
582 2430 717 2490 martem
739 2414 840 2508 saara
867 2406 1315 2507 pereatis,llebr.ll.17.
1361 2414 1421 2491 tia.
1472 2408 1659 2488 Adversarii
1679 2431 1845 2484 contraex
1865 2410 2093 2515 praecotttepiis
2108 2422 2242 2517 ‘opinio-

434 2531 574 2621 ptopter
592 2542 662 2617 qua
677 2527 808 2587 araneas
824 2525 948 2584 natura
950 2511 1018 2606 filii
1033 2514 1102 2581 irae
1115 2555 1128 2589 ‚
1142 2509 1273 2603 Epinll.
1286 2528 1316 2582 3·
1361 2513 1453 2585 nibus
1469 2512 1726 2607 metaphoricam
1744 2510 1951 2587 redemtionis
1967 2513 2241 2613 significationem

439 2641 475 2693 ut
488 2621 523 2691 in
533 2615 699 2717 pollerum
714 2613 817 2687 diletli
834 2618 1038 2684 redderemur
1052 2613 1085 2680 ia
1099 2609 1218 2681 dilella.
1233 2606 1316 2705 eph.
1351 2610 1525 2710 scripturis
1536 2606 1700 2697 inserunt,
1720 2618 1753 2685 ἁ
1775 2637 1813 2684 ex
1829 2636 1866 2683 ea
1890 2612 1998 2713 polleat
2018 2616 2241 2698 concludunt.

319 2766 341 2810 ,ι
440 2727 469 2794 l.
493 2730 526 2795 6.
566 2712 769 2788 Lombatdus
800 2710 873 2783 libr.
898 2714 956 2786 lll.
983 2706 1059 2783 sent.
1093 2706 1166 2782 dill.
1196 2730 1250 2787 19.
1280 2708 1314 2778 F.
1360 2714 1458 2787 etiam
1487 2707 1603 2813 >adepte
1629 2736 1743 2783 vocem
1769 2714 1992 2810 metaphorlte
2016 2716 2241 2811 accipiendam

297 2859 308 2870 ·
395 2820 608 2917 ‘Quomodo
628 2841 686 2889 not
707 2815 852 2913 diligenti
867 2811 941 2888 Deo
957 2810 1076 2906 stamus
1093 2803 1316 2879 reconciliati?
1361 2806 1434 2884 else.
1460 2806 1957 2910 RegeritcatechismusRacov.
1973 2840 2004 2912 p.
2028 2839 2109 2899 270.
2144 2819 2241 2892 Dici.

433 2931 574 3019 propter
583 2932 750 3011 peecatum
771 2903 842 2985 ruat
858 2926 892 2983 ea
908 2911 1100 2984 latebamus
1114 2911 1314 2986 inimicitias.
1347 2929 1437 2984 *mer
1454 2918 1587 2986 redemti
1601 2918 1640 2985 ab
1656 2913 1880 3011 iniquitatibus
1891 2912 2027 3015 nostris,
2042 2917 2109 3008 Tit.
2122 2920 2165 2989 11.
2184 2941 2238 2999 ¹4·

431 3025 493 3120 qui
508 3020 639 3091 habebut
660 3039 741 3115 erga
756 3039 815 3086 aar
835 3015 1027 3093 caritatem,
1051 3013 1150 3082 etiam
1167 3034 1239 3080 ettae
1256 3010 1317 3078 irti-
1361 3038 1487 3084 avana
1507 3009 1616 3107 ratpirn
1645 3011 1901 3107 eoavaſsctiaae,
1937 3036 1949 3079 t
1971 3017 2037 3087 Pet
2059 3016 2086 3087 l.
2115 3031 2172 3091 18.
2193 3022 2236 3090 ab

436 3122 577 3195 micitiar
597 3118 820 3189 exercebamus
842 3112 996 3208 adversar
1020 3102 1121 3187 etim,
1153 3112 1317 3202 operando
1359 3109 1905 3211 eayieratt'oaelegisssaldll.13.
1924 3115 2088 3213 jamvero
2112 3117 2239 3218 injusti·

432 3223 650 3318 iniquitatem.
700 3215 757 3286 Ita
781 3238 858 3312 erga
879 3216 997 3283 inimici
1013 3235 1142 3282 eramar
1159 3211 1254 3285 Deo,
1271 3209 1318 3309 ſs·
1360 3215 1426 3283 tiae
1443 3218 1519 3284 'aaa
1552 3211 1594 3307 est
1617 3215 1764 3307 pretium
1792 3213 1921 3309 aliquod
1941 3213 2100 3309 ſsrlutum.
2140 3214 2238 3316 Resp.

434 3335 492 3393 eat
499 3313 735 3422 justitiarsunt
755 3316 883 3386 inimica
894 3326 1045 3407 praecata,
1062 3309 1110 3385 85
1127 3314 1194 3380 ideo
1210 3308 1318 3404 dimis-
1358 3313 1438 3412 Qua
1453 3335 1531 3384 vero
1544 3311 1613 3384 hac
1627 3315 1807 3385 connexio:
1832 3311 1873 3383 ab
1884 3314 2105 3409 iniquitatibus
2116 3319 2235 3391 nostris

423 3422 475 3522 fle
481 3420 620 3516 peteretis
640 3416 719 3487 tales
734 3416 917 3486 inimicitiae
926 3411 1117 3506 finiantur,
1143 3408 1190 3484 ΕΤ
1209 3435 1316 3481 remn-
1356 3406 1668 3500 somus··.redemti;
1716 3436 1795 3509 ergo
1821 3415 2042 3512 miquitatibus
2071 3408 2134 3486 fuit
2165 3443 2235 3515 pet·

343 3551 351 3568 ³
380 3555 386 3561 ·
433 3525 588 3593 eiliaatur
607 3514 696 3616 justo
716 3564 730 3592 ,
765 3538 843 3610 quos
869 3511 933 3608 ipse
950 3510 1119 3613 justificat.
1171 3509 1316 3602 Clrrfius
1357 3508 1549 3584 solvendum
1566 3516 1728 3609 pretium?
1754 3537 1832 3583 num
1859 3517 1894 3585 dt
1916 3512 1982 3586 hoc
2003 3515 2113 3588 niodo
2138 3514 2236 3616 argo·

259 3696 261 3700 ¹
433 3644 512 3717 ergo
535 3619 653 3691 dieitur
676 3617 834 3686 rrtediatar
852 3664 866 3692 ,
906 3637 942 3683 ta
971 3615 1056 3707 quod
1083 3613 1205 3680 aredius
1229 3613 1316 3679 inter
1358 3612 1604 3683 trientabintur:
1641 3614 1785 3709 captivus
1816 3636 1835 3682 a
1862 3635 1991 3686 carcere
2020 3617 2236 3693 intercedente

332 3775 334 3780 -
431 3720 542 3794 Danae
558 3715 605 3789 id
629 3715 769 3787 laminas
788 3712 873 3808 ipsm
887 3710 1181 3798 termariliatDeo,
1207 3734 1316 3780 retua-
1355 3711 1477 3815 ndrpep
1495 3708 1673 3784 redimitur.
1700 3713 1745 3781 Er
1768 3707 1864 3808 oipst
1880 3691 2147 3817 carceri'ltu'ipar
2161 3741 2234 3817 per·

429 3820 659 3894 eiliataatem,
683 3820 761 3884 dum
779 3813 966 3911 fiardirula
990 3814 1153 3907 ltorrtinum
1173 3807 1257 3880 tollit
1273 3812 1314 3881 alr
1354 3806 1513 3883 solvitur?
1547 3735 1884 3909 Distinguendumest
1908 3812 2114 3912 interipsum
2137 3820 2234 3914 pretii

422 3920 528 4006 pentir
549 3916 637 3993 Dei,
660 3917 694 3983 id
713 3913 792 4010 est..
812 3915 888 3993 dam
907 3924 1041 4006 perarata
1071 3911 1171 3988 delet,
1201 3911 1315 4006 paribus
1355 3906 1611 4008 persolutionem
1627 3919 1663 3984 δι
1679 3916 1764 3983 inter
1777 3907 1972 4009 consequens
1987 3913 2074 3987 illius
2090 3912 2233 4012 persolu-

425 4019 526 4104 ⁸Deus
541 4015 778 4117 trffentielatar,
803 4010 851 4086 ds
870 4037 928 4085 nar
948 4014 1069 4082 inimici
1090 4013 1312 4110 ejrtseranmt.
1355 4013 1476 4101 tionis,
1500 4007 1591 4108 quod
1610 4009 1656 4082 ell
1675 4010 1821 4084 liberatio
1841 4035 1876 4081 ex
1897 4017 2092 4109 captivitate.
2126 4017 2233 4116 Rege·

386 4186 390 4197 ¹
424 4169 430 4178 .
471 4143 473 4148 v
775 4165 777 4169 .
988 4174 990 4180 ,
1354 4113 1396 4179 tir
1409 4106 1615 4183 catechismus
1627 4136 1660 4207 p.
1679 4135 1759 4194 aaa.
1802 4111 1845 4180 Ia
1860 4110 2123 4186 incrementare
2139 4141 2236 4196 neruo,
2256 4129 2278 4140 ⁹

426 4227 515 4326 Ἣ
533 4245 616 4309 pop,
753 4217 783 4290 ς.
809 4212 904 4281 lilll.
928 4210 997 4300 V.)
1016 4209 1058 4282 V
1053 4235 1120 4281 acer
1131 4201 1248 4313 Arlapa
1265 4206 1313 4283 ΕΤ
1353 4207 1558 4307 dteripotell.
1585 4215 1634 4282 cai
1643 4208 1836 4308 praestitum
1847 4212 1958 4307 suerit
1966 4214 2138 4311 solutionis
2153 4242 2232 4313 prr·

427 4311 517 4421 adeps
542 4344 580 4410 nr
607 4340 652 4399 e..
702 4306 970 4413 decentiaque-effe
992 4311 1248 4404 rnetttpltart'cas,
1274 4312 1312 4382 il·
1352 4314 1462 4389 tiarae.
1487 4334 1564 4408 ergo
1585 4331 1652 4383 aaa
1674 4315 1736 4381 erit
1759 4336 1832 4382 vere
1856 4309 1905 4385 fa
1916 4320 2052 4408 proprie
2070 4312 2159 4387 ditia
2177 4343 2230 4389 re.

425 4417 553 4521 ,ΜΨ
574 4444 623 4526 epe
703 4412 802 4507 lisque
816 4412 1086 4510 niltilaliadfigni
1106 4411 1309 4507 'cari,qaara
1351 4415 1477 4482 duratio.
1527 4409 1625 4507 Resp.
1651 4409 1797 4507 Cleriflar
1819 4414 2015 4509 tradiditse
2043 4414 2147 4509 ipsum
2160 4442 2230 4512 -pro

391 4505 397 4524 '¹
436 4517 644 4610 templarius.
703 4518 787 4609 quad
816 4510 963 4607 Christus
992 4519 1080 4582 tritae
1092 4511 1177 4605 satie
1205 4516 1309 4583 tradi·
1348 4514 1440 4582 nabis
1453 4509 1617 4582 villimara
1636 4510 1684 4586 &l
1703 4513 1891 4582 talliationem
1910 4511 1993 4585 Deo.
2035 4515 2231 4613 Ep11.v.2.

440 4675 442 4679 .
702 4617 788 4683 tione
804 4637 842 4681 ut
851 4609 1090 4709 fitngninissai
1106 4612 1169 4708 effu
1195 4636 1253 4681 aar
1267 4613 1306 4682 li·
1348 4607 1477 4681 Obtulit
1482 4610 1522 4705 se
1546 4609 1651 4706 ipsum
1670 4635 1732 4705 per
1747 4600 1908 4706 Spiritum
1936 4626 2102 4685 aeternum
2128 4619 2230 4688 intul-

424 4711 620 4788 leratiamm
635 4707 830 4804 espiritrmli
840 4714 963 4805 peceteti
979 4709 1027 4785 Εἴ
1042 4715 1154 4782 rrrartis
1169 4714 1305 4804 captivi·
1340 4713 1481 4804 palilem
1503 4710 1586 4781 Deo.
1613 4714 1715 4782 Hebr.
1731 4713 1788 4784 lX.
1810 4733 1863 4789 14.
1899 4712 1975 4784 Deo
1995 4717 2138 4811 pretium
2160 4718 2228 4790 ltoe

422 4821 493 4882 tate
509 4813 750 4904 impetraverit,
775 4837 838 4884 aon
859 4814 967 4882 minus
986 4837 1024 4881 ae
1044 4835 1119 4881 vero
1136 4814 1304 4881 redemtio-
1345 4817 1414 4881 rion
1431 4804 1525 4882 soille
1540 4805 1679 4882 solutum
1696 4810 1878 4882 Photiniani
1890 4827 2022 4909 putant,
2042 4840 2114 4890 eura
2131 4817 2227 4888 Dens

416 4912 477 4980 nis
488 4913 601 5004 pretia
611 4910 775 5005 persulcata
789 4903 908 5005 captiui
924 4913 1053 4982 liberari
1061 4911 1178 5005 stultat.
1210 4913 1302 4982 Soci-
1343 4913 1412 5005 ipse
1437 4909 1519 4983 lane
1539 4915 1762 4983 redemtionem
1781 4915 2035 5006 procuraverit,
2059 4928 2156 5011 atque
2172 4916 2226 5011 fic

230 5027 232 5032 '
311 5069 340 5106 κ
371 5067 373 5071 .
421 5030 485 5109 nae
500 5033 614 5092 comm
637 5013 758 5089 Caret.
789 5036 824 5113 p.
852 5032 911 5098 75.
944 5009 1151 5118 catechismus
1170 5011 1298 5095 Racot.
1336 5014 1452 5109 partas
1469 5015 1616 5111 pretium
1640 5007 1771 5110 dedtffe,
1794 5035 1894 5109 quam
1908 5010 2054 5114 atteprffi
2075 5018 2227 5116 dicendus

2163 5118 2224 5220 fir.
