4900 5809
759 389 762 394 -
799 305 871 430 o‘u
903 347 1090 480 virus
1121 350 1272 434 aruer
1302 352 1706 472 nrursromnus.
2055 374 2124 452 ur

311 537 377 616 do„
406 533 524 608 caritas
544 529 669 606 dando.
719 532 810 631 Ergo
828 530 893 606 hoe
914 525 1061 629 respediu
1082 535 1196 624 raritas
1235 542 1409 642 potentia,
1435 529 1608 607 informari
1625 532 1740 606 abalia
1763 534 1902 623 virtute,
1927 555 1998 638 qun
2016 533 2061 604 εὴ
2087 537 2123 606 in
2161 545 2165 552 '

312 634 356 708 ell
378 641 484 726 major
501 627 599 723 side)
625 651 695 704 non
721 640 810 727 quod
838 629 938 705 fidem
964 629 1115 710 formet,
1141 632 1193 705 vel
1236 637 1393 738 porentia,
1411 657 1562 732 generea
1586 637 1695 730 priore
1708 630 1868 704 dislindlu.
1917 633 2019 730 Atqui
2042 629 2124 704 fidet

312 732 545 828 justificationis
571 729 682 800 aslum
698 729 928 828 ingrediatur,
952 729 1002 801 vel
1024 732 1126 828 magis
1146 737 1194 826 ju·
1237 745 1271 812 ἀ
1288 737 1404 806 caritas
1423 731 1495 805 sunt
1512 729 1665 804 distinete
1686 732 1837 819 virtutes,
1864 731 2124 827 &exhypothe-

315 831 449 920 llificer;
468 825 527 902 sed
546 833 657 924 primo
677 846 810 924 propter
833 829 950 922 objedli
972 827 1193 907 latitudinem.
1238 827 1649 912 fischolassicorumfides
1667 829 1712 903 ell
1734 847 1858 901 tantum
1878 833 1912 902 in
1934 828 2117 916 intelledlu,

315 931 394 1002 fides
410 932 499 1001 enim
524 932 663 1000 intuetur
683 921 788 998 solum
812 927 1000 1009 Christum,
1027 928 1101 998 ideo
1117 928 1193 1001 fidei
1239 939 1350 1006 caritas
1373 936 1407 1002 in
1430 928 1615 1016 voluntate,
1641 925 1804 1027 quaesunt
1830 929 1983 1026 potentiae
2001 950 2122 1024 genere

316 1025 470 1126 eumsolo
488 1030 564 1101 Deo
580 1024 709 1113 resell3
735 1030 847 1096 caritas
863 1049 973 1098 autern
996 1021 1134 1099 refertur
1152 1028 1193 1101 ad
1238 1031 1406 1111 dillinslae,
1454 1019 1545 1126 Ergo
1575 1030 1687 1100 caritas
1716 1051 1784 1099 nun
1814 1027 1860 1098 est
1893 1021 2005 1097 forma
2035 1023 2121 1098 fidei.

317 1137 425 1230 Deum
440 1134 473 1204 dt
490 1128 696 1224 proximum:
721 1129 831 1196 deinde
851 1149 986 1224 propter
1005 1145 1193 1294 perpetuam
1237 1132 1365 1228 Excipit
1386 1123 1617 1204 Bellarminus,
1643 1130 1807 1199 toritatem
1817 1121 1876 1224 effe
1881 1125 2026 1217 sormam
2031 1124 2125 1220 fidei

307 1227 554 1302 'durationem'i'
582 1228 655 1321 quia
671 1225 795 1298 inuita
819 1242 936 1295 aterna
959 1223 1036 1296 fidei
1073 1227 1196 1297 uccedit
1243 1255 1310 1301 non
1330 1226 1553 1317 intrinsecam,
1567 1225 1881 1322 sedentrinsttnm,
1906 1228 2026 1326 quippe
2037 1247 2124 1321 qaae

318 1325 420 1402 vilio,
438 1319 514 1422 'spel
530 1319 672 1402 fruitio,
700 1327 814 1394 caritas
838 1341 949 1392 autem
982 1322 1137 1403 durabit,
1162 1329 1197 1397 dt
1239 1325 1378 1412 dtt'illi,
1402 1349 1470 1396 non
1491 1323 1600 1421 uesta,
1619 1325 1680 1420 sed
1698 1337 1950 1408 attenuatum
1966 1323 2073 1417 fldem
2097 1349 2124 1394 a

317 1425 412 1525 plene
461 1420 646 1500 reficietur,
673 1446 741 1517 quo
758 1419 960 1518 potissjmum
982 1418 1104 1520 spedat
1120 1447 1198 1520 apo-
1217 1441 1219 1446 '
1240 1431 1383 1499 caritate
1401 1427 1458 1522 agi
1477 1421 1524 1498 θ’
1538 1427 1685 1512 annueri,
1709 1426 1869 1521 quomodo
1889 1421 2040 1517 aspiritu
2055 1445 2122 1494 nto.

287 1549 292 1556 ·
318 1525 415 1598 stolus
434 1448 510 1592 srdei
525 1522 688 1591 caritatem
704 1515 896 1616 praeferens,
922 1520 1197 1594 rCor.Xlll.13.
1239 1540 1337 1600 vetur
1354 1520 1398 1607 &
1416 1525 1533 1619 egitur
1550 1545 1688 1616 corpus,
1714 1520 1802 1622 quod
1828 1549 1865 1594 ex
1886 1521 2027 1619 rapteri.
2048 1522 2119 1618 Jae.

319 1625 397 1697 lude
415 1617 512 1693 facile
528 1617 568 1690 ad
595 1637 679 1708 aret,
703 1616 782 1716 quid
798 1619 837 1690 ad
860 1617 1026 1717 vulgarum
1047 1615 1124 1689 illud
1146 1643 1210 1696 τε·ΙΙ
1239 1630 1356 1720 &cap
1373 1622 1419 1693 V.
1443 1619 1517 1693 Gal.
1542 1624 1673 1716 probari
1688 1614 1780 1718 polse
1794 1623 1965 1694 existimat.
2014 1616 2116 1716 Rasin

320 1722 337 1794 s
351 1715 548 1796 ondendum
567 1643 626 1788 sit:
651 1720 804 1788 llsnximn
826 1719 932 1788 virius
946 1722 1086 1789 maxime
1101 1717 1198 1817 Μὶ-
1240 1722 1280 1796 de
1295 1722 1456 1819 scriptur-n
1476 1721 1664 1791 testimoniis
1686 1714 1868 1793 differemus
1895 1718 2024 1817 pollen,
2050 1720 2119 1790 lroe

332 1833 406 1895 rent.
458 1814 598 1889 Drinio
619 1814 661 1911 est
684 1820 828 1888 rainelmo
847 1820 963 1888 uirtus.
1013 1819 1107 1913 Ergo
1129 1841 1198 1885 ena-
1238 1819 1316 1893 loco
1334 1820 1374 1891 stc
1393 1817 1618 1915 procedimus:
1651 1817 1707 1908 r.)
1731 1814 1951 1915 perspiritum
1968 1817 2118 1889 inverbie

320 1946 405 1995 arnae

298 2003 301 2008 Ι
320 1942 497 2118 evangelice
520 2039 595 2092 uere
611 2009 667 2085 cll.
717 2023 757 2087 In
770 2010 841 2112 lege
859 2038 927 2084 non
941 2040 1003 2084 una
1019 2018 1115 2084 virtus
1131 1997 1199 2084 sule
1240 2013 1433 2115 respiratio,
1458 2018 1591 2085 tertium
1606 2039 1674 2086 non
1695 2013 1807 2103 datur;
1832 2017 2043 2114 nequeenim
2065 2037 2116 2084 ar·

321 2122 464 2193 maxima
479 2111 543 2184 live
553 2109 752 2201 mediocris,
776 2108 830 2202 sed
846 2109 1026 2184 universalis
1043 2115 1076 2182 dt
1091 2105 1200 2207 perse·
1239 2115 1342 2187 bitror
1361 2113 1587 2186 Bellartninum
1603 2110 1644 2182 de
1662 2113 1770 2212 spiriru
1784 2111 2112 2210 adsllentecogitare,

322 2219 371 2290 sla
389 2218 492 2285 totius
516 2211 594 2308 legis
616 2209 761 2307 impletio
781 2209 946 2301 justificat:
972 2215 1006 2280 in
1029 2208 1197 2306 evaugelio
1264 2218 1297 2287 ui
1316 2237 1434 2309 corpus
1447 2201 1589 2283 inanime
1603 2216 1737 2285 exterius
1752 2236 1879 2295 mouet,
1906 2208 1996 2282 sicuti
2008 2207 2121 2309 philo·

322 2341 388 2388 non
405 2339 427 2383 o
455 2335 525 2386 ern,
549 2309 600 2380 sed
616 2307 694 2380 fides
710 2312 744 2379 in
760 2307 924 2380 Christum
943 2306 1105 2401 jullilicat.
1124 2309 1196 2378 Nec
1239 2241 1336 2410 sophi
1357 2305 1519 2408 disputant
1546 2308 1588 2381 de
1612 2309 1830 2408 intelligentiis
1849 2308 2039 2382 motrieibua
2060 2333 2118 2380 or·

322 2337 504 2486 edversltur
526 2407 640 2486 uobis,
666 2409 831 2478 caritatem
851 2410 917 2478 dici
943 2403 1196 2504 quodammodo
1241 2410 1353 2491 bium,
1377 2434 1415 2480 ac
1437 2406 1583 2505 theologi
1597 2408 1639 2481 de
1653 2403 1939 2506 angelisiuforrna
1954 2430 2117 2506 corporea

322 2514 483 2586 suirundm
501 2499 744 2594 christianismi,
769 2503 794 2576 sr
811 2505 932 2578 devita
949 2509 1092 2578 hominis
1109 2505 1196 2575 clui-
1240 2505 1565 2608 adparentibus3hue
1579 2505 1622 2577 de
1642 2501 1751 2578 forma
1767 2505 1936 2578 adstllente
1959 2508 2118 2607 cogitatio

323 2611 412 2683 iliani
427 2607 562 2706 quaestio
578 2603 644 2682 esl,
670 2609 793 2703 quippe
811 2610 867 2702 qui
882 2631 920 2675 ex
933 2609 1063 2676 caritate
1085 2605 1197 2675 omnia
1242 2608 1370 2705 Jacobo
1398 2632 1466 2677 non
1487 2609 1573 2676 venit
1607 2609 1639 2673 in
1660 2605 1824 2681 mentem,
1851 2597 1992 2700 expresse
2026 2607 2117 2675 enim

322 2707 421 2782 debet
438 2729 543 2804 agere
599 2703 1079 2802 Nonestsruilasbonus,qai
1094 2709 1197 2773 dera-
1240 2707 1454 2799 dicir,eorpus
1460 2706 1531 2803 flne'
1537 2699 1735 2801 spiritaeffi
1750 2717 1928 2787 mortuam,
1950 2704 2039 2800 atqui
2053 2701 2122 2774 sine

323 2806 554 2880 alternitatis
583 2829 648 2876 non
660 2802 804 2901 fulgin
836 2801 912 2873 dicit
941 2804 1134 2902 Augustinus
1157 2795 1198 2872 de
1242 2803 1405 2879 adsistente
1428 2797 1540 2900 spiriru
1558 2825 1676 2900 corpus
1697 2827 1766 2874 non
1788 2800 1834 2874 est
1855 2825 2042 2882 nrortuurn,
2060 2797 2118 2874 sed

324 2909 448 3002 Spiritu
464 2909 499 2976 dt
514 2901 562 2976 lit.
577 2907 611 2976 c.·'
631 2925 682 2981 14·
714 2904 849 2972 Interim
873 2926 983 2974 tamen
1006 2907 1041 2976 in
1061 2895 1199 2972 articulo
1231 2885 1353 2978 'manet
1368 2906 1500 2985 vivum,
1526 2917 1561 2969 ut
1575 2898 1707 2996 adparet
1726 2899 1875 2998 exemplo
1899 2899 1995 2988 Elia,
2017 2927 2121 3072 qpetn

324 3002 560 3097 justificarioms
582 3001 771 3170 donpinarur
793 2998 859 3072 sola
877 2996 987 3090 lidos,
1012 3007 1099 3094 cujus
1126 2994 1195 3069 sru·
1244 2997 1369 3100 spiritus
1388 3025 1426 3072 ex
1442 2997 1596 3070 unoloco
1615 3004 1648 3068 in
1662 2997 1759 3070 aliurn
1768 2999 1990 3072 transferebat.
2007 3023 2018 3065 ι
2067 3019 2121 3102 eg.

325 3101 392 3174 siut
410 3099 454 3171 ell
472 3103 607 3177 caritas,
634 3127 650 3167 a
677 3125 753 3197 sque
769 3125 831 3195 qun
846 3126 904 3172 nec
920 3099 983 3196 ipsi
998 3104 1113 3202 caritas
1126 3097 1200 3168 Deo
1245 3101 1362 3174 XVlll.
1390 3121 1447 3171 η.
1480 3087 1713 3194 r'nnnetigirur¹
1733 3093 1923 3168 imniedirta
1944 3097 2123 3196 oppositio.

324 3205 431 3319 placet
451 3226 459 3270 :
492 3192 563 3273 ridie
586 3196 706 3293 ὄφελος
733 3195 882 3316 aspinae
897 3196 1029 3316 Ιχωῴς·
1048 3195 1201 3282 nicenae,
1245 3201 1308 3275 Per
1326 3193 1472 3295 spiritum
1508 3198 1541 3266 in
1565 3198 1668 3267 verbis
1683 3195 1792 3282 Jacobi
1807 3212 1861 3266 aut
1879 3185 2124 3294 intelligendam

453 1915 601 2014 aestiferas.
651 1911 748 2012 Resp.
777 1917 893 2015 Major
907 1940 967 1984 uec
980 1915 1124 2013 legaliter
1138 1925 1199 1984 nec'
1238 1917 1354 2018 Jacobi
1366 1913 1539 2013 apostolic.
1552 1918 1593 1985 11.
1610 1924 1665 1988 26.
1683 1915 1933 2016 autintelligitur
1944 1919 2049 1986 anima
2061 1938 2117 1986 eut
2261 1988 2264 1992 ,

284 3323 287 3330 ’
326 3307 462 3394 μαλλον
483 3289 518 3375 di
536 3290 586 3373 u’d
609 3293 649 3372 dv
669 3289 800 3394 ‘piretro
830 3324 959 3392 αγαπη
981 3297 1116 3401 selgae,
1140 3293 1203 3365 do·
1250 3293 1311 3370 else
1336 3301 1572 3402 animamaup
1593 3291 1844 3390 respirationem.
1903 3295 1939 3370 si
1957 3295 2129 3393 polleriue,
2251 3367 2256 3382 x

325 3416 415 3470 cente
431 3391 671 3490 Chrysollomo
684 3403 716 3468 in
730 3422 801 3494 cap.
816 3398 870 3467 Vl.
889 3399 969 3494 pr.
994 3399 1205 3495 Porro‚quo·
1250 3400 1385 3478 caritas,
1402 3417 1499 3494 quam
1518 3397 1572 3486 τῲ
1597 3392 1773 3478 minuare
1793 3390 1957 3492 aposlolus
1978 3390 2127 3480 confert,

326 3497 432 3569 ruodo
456 3519 515 3592 per
536 3494 720 3567 dodlriuam
748 3499 788 3566 de
814 3488 1053 3588 lusllsiearione'
1067 3519 1204 3596 operum
1251 3501 1310 3569 erit
1325 3487 1458 3588 effedlus
1476 3499 1509 3566 dr
1524 3489 1648 3590 fignu‘rn
1664 3493 1756 3572 fidei,
1767 3488 1846 3563 licut
1856 3487 2019 3591 respiratio
2028 3495 2126 3571 vite,

328 3590 521 3666 obscuretur
532 3592 636 3691 gloria
653 3595 792 3681 Christi,
817 3593 906 3689 quod
926 3593 1137 3666 Bellarnninus
1153 3595 1206 3664 hic
1251 3597 1458 3693 nequaquam
1481 3616 1557 3661 veto
1581 3587 2130 3691 formn,'quieenimi1nquanrte⁴
2237 3647 2239 3652 -

327 3687 463 3766 sortirer
477 3709 596 3790 negat,
623 3692 664 3766 de
684 3717 725 3764 eo
746 3691 816 3764 suus
835 3696 896 3764 erit
913 3687 1089 3766 disserendi
1104 3693 1206 3765 loeus.
1255 3693 1464 3788 spirationem
1485 3683 1630 3760 sormam
1652 3694 1803 3785 eorporis
1830 3687 1936 3761 dixit?
1960 3693 1995 3762 Si
2019 3697 2129 3789 prius.

326 3807 329 3812 '
1256 3794 1368 3861 caritas
1384 3794 1443 3857 erit
1466 3781 1575 3854 forma
1600 3784 1766 3859 intrinseca
1786 3795 1821 3857 &
1841 3780 2009 3858 essentialis
2032 3789 2130 3880 fider,

649 3893 678 3979 s,
704 3887 819 3978 CXXJ.
854 3891 936 3977 lv.)
970 3883 1117 3960 lnsurrue
1144 3886 1210 3967 est,
1256 3885 1457 3959 sicutenima
1482 3884 1525 3954 est
1548 3885 1716 3956 intrinseca
1737 3885 1884 3979 corporis
1906 3885 1974 3956 vivi
1998 3891 2134 3960 anir'nati

330 3995 379 4072 nl
402 3987 563 4082 Q'ssveffl
610 3990 699 4090 qood
719 3972 924 4076 caietdebirn
947 3982 1066 4060 surina.
1118 3979 1210 4058 Fides
1256 3983 1387 4059 sonna,
1416 4005 1619 4080 nequaquam
1642 3975 1926 4082 veroextrinseea,
1953 3990 2134 4057 nonenim

326 4071 464 4186 ffllm
479 4067 557 4142 Μ’·
606 4086 780 4183 justificans
804 4113 872 4156 uon
896 4107 978 4158 caret
1001 4087 1109 4158 debita
1140 4081 1209 4155 sor·
1258 4079 1361 4155 solunt
1377 4086 1633 4178 ruouet&agit,
1655 4077 1821 4154 sedetiam
1838 4075 2134 4181 informatcorput,

357 4170 464 4296 κζ’
471 4143 537 4286 fix,
608 4213 682 4272 ma,
707 4211 779 4284 quae
802 4189 845 4256 est
861 4183 1017 4256 fiducialis
1032 4183 1211 4282 adprelren-
1260 4184 1346 4253 uude
1360 4209 1376 4250 a
1391 4175 1587 4278 philosopho
1602 4178 1870 4274 definitur‚quod
1890 4177 1924 4250 srt
1939 4179 2138 4272 ἔντελέχθια

412 4329 468 4370 η,
606 4283 654 4357 sio
678 4285 820 4373 christi;
853 4310 933 4380 ergo
958 4286 1037 4358 fides
1064 4307 1132 4352 non
1168 4281 1212 4354 ell
1262 4276 1385 4384 πρώτη
1422 4277 1589 4374 σώματος
1635 4275 1761 4374 quoted
1795 4273 1956 4380 deportet?
1994 4275 2140 4376 lovena
2186 4275 2195 4286 ⁸

447 4385 450 4390 ’
606 4383 744 4456 dicenda
786 4377 950 4456 informis.
1031 4379 1212 4454 Vicissim:
1263 4374 1518 4491 ζωῆνῖχοντος.
1546 4381 1585 4449 ΙΙ.
1613 4379 1654 4450 de
1675 4383 1774 4450 anim.
1800 4404 1828 4448 c.
1856 4400 1882 4446 ι.
1909 4399 1983 4453 text.
2003 4389 2037 4454 6.
2064 4379 2141 4457 Nili

334 4489 419 4566 nulla
440 4488 543 4560 virtue
558 4479 734 4554 iutelledlus
754 4482 857 4578 potest
872 4476 1045 4554 informari
1069 4485 1214 4551 nvirtute
1264 4487 1352 4552 sorte
1378 4502 1522 4547 errorem
1548 4482 1701 4549 Averrois
1725 4498 1832 4548 errare
1847 4476 1999 4559 velimus,
2026 4485 2080 4579 qui
2106 4484 2142 4550 in
2268 4513 2271 4518 ¹

337 4588 533 4666 voluntatis,
557 4605 634 4652 cum
654 4579 717 4652 srnt
739 4584 888 4679 potentiae
904 4579 1030 4652 rte-iliter
1046 4576 1216 4648 dillinsla.
1264 4603 1390 4651 eorum.
1403 4598 1432 4651 3.
1454 4575 1495 4645 de
1509 4577 1615 4646 anima
1630 4582 1773 4647 animatu
1790 4576 1978 4648 rationalem
1992 4578 2143 4651 adsisten-

335 4693 426 4768 marr·
441 4711 510 4759 aen
518 4678 641 4778 potest,
665 4676 928 4752 aitBellaenrinus
942 4679 1012 4750 libr.
1029 4681 1054 4749 1.
1068 4677 1108 4748 de
1116 4670 1217 4774 jullis.
1268 4697 1332 4749 tem
1367 4676 1511 4745 hominis
1541 4666 1688 4746 sonuum
1709 4670 1814 4753 sarcit,
1837 4675 1968 4772 perinde
1983 4703 2020 4749 ut
2047 4692 2143 4749 nauta

334 4818 362 4870 t,
388 4797 445 4860 16.
474 4796 515 4857 ret
538 4805 604 4852 ana
618 4779 781 4881 virrnfit
808 4781 846 4850 in
862 4776 989 4852 duabus
1003 4779 1221 4874 potentiisge·
1267 4772 1387 4846 adsrllit
1404 4775 1504 4850 navi,
1531 4795 1628 4868 quern
1652 4771 1821 4873 diligenter
1841 4769 1958 4851 resurat
1979 4773 2146 4847 Zabarella

336 4913 408 4964 me
439 4875 628 4974 inlinere
661 4881 733 4977 pari
759 4881 881 4949 ratione
906 4877 1013 4948 distre
1037 4869 1221 4974 possumus:
1268 4872 1340 4945 libr.
1356 4869 1524 4945 demente
1541 4873 1684 4945 humana
1706 4898 1776 4969 cap.
1798 4897 1831 4953 4.
1850 4881 1886 4947 de
1904 4871 1989 4972 seqq.
2037 4871 2147 4971 Elig'at

335 4983 504 5074 r‘drlr'ar'ov
522 4979 589 5062 est,
613 4983 789 5059 virtutem,
811 5001 884 5074 quae
905 4975 1003 5050 elliu
1024 4967 1089 5047 'uua
1107 4973 1222 5045 animae
1275 4976 1373 5142 igippr
1393 4967 1633 5054 bellarminus,
1663 4971 1817 5072 quicquid
1839 4973 1947 5067 velit,
1976 4997 2014 5045 ex
2037 4972 2149 5060 Jacobi

1228 5098 1239 5134 t
1380 5091 1401 5138 2
2074 5089 2149 5144 Vero
2192 5115 2195 5120 ·
