4900 5809
854 368 924 440 ua
948 362 1166 462 mulius
1197 364 1725 448 sucnimeriuonum.
2080 363 2163 477 '2⁶7'

349 557 385 622 δε
401 543 657 624 contemtoribus
668 544 1027 626 sacramentominnou
1041 543 1233 642 temporalia
1277 537 1476 637 obruisset,
1502 544 1560 616 nis
1585 566 1771 620 contemtus
1796 551 2045 646 circumcisionis
2068 564 2155 632 unici

348 647 472 728 solum,
493 648 552 721 scd
575 660 610 723 δι
629 668 741 722 aterna
763 672 858 747 prena
880 644 1050 718 constituta
1071 642 1140 730 esi3
1166 645 1222 716 iot
1278 640 1360 715 illiue
1375 642 1473 720 medii
1481 695 1494 734 ,
1511 670 1579 741 ¹per
1596 646 1687 743 quod
1700 641 1837 722 infantes
1849 676 1927 744 act„
1938 652 2007 742 tell.
2024 682 2154 754 regene-

347 763 459 825 uero,¹
473 755 549 847 quia
567 752 855 821 comminationem
880 745 1045 842 preceptis
1069 740 1222 836 legalibus
1276 747 1336 811 rat}
1354 740 1450 821 sunt,
1476 769 1552 816 cum
1572 764 1662 815 tauro
1680 746 1823 840 periculo
1851 743 1983 825 insaniis
2003 780 2042 828 ac
2061 775 2152 830 reatu

347 846 638 924 addicamaeternas
659 853 773 944 poenar'
789 845 975 920 includere,
1000 867 1042 911 nc
1063 840 1127 936 ipse
1144 844 1220 939 qui·
1273 845 1413 936 parentis
1428 845 1616 934 conjunctus
1638 838 1756 921 fuiss‘ct.

345 949 422 1016 dem
437 945 642 1019 Bellarminus
656 967 761 1043 negat.
809 949 900 1041 Ergo
920 940 941 1011 fi
957 939 1160 1011 circumcisio
1180 963 1220 1010 ex

344 1044 441 1140 ipfius
468 1046 637 1143 hypothesi
658 1045 703 1116 eli
728 1069 828 1141 praece
852 1063 922 1112 tuni
949 1038 1078 1136 legale,
1105 1041 1217 1135 urique
1320 1033 1360 1136 ᾗ.
1398 1037 1876 1128 LXV11.11.)nlreraBel-
1924 1048 2127 1141 23)C⁸''‘¹¹¹¹⁶¹'·

344 1146 444 1213 etiain
481 1147 689 1215 comminatio
709 1142 753 1213 illi
776 1068 882 1213 addita
905 1142 1057 1209 oerernam
1089 1162 1216 1232 potuim
1269 1134 1399 1207 larmini
1413 1144 1560 1233 exceptio
1576 1133 1746 1239 dtoepdsdnv
1761 1165 1876 1239 negat,
1915 1125 2147 1236 ,stmsni'fufff‘

343 1223 540 1314 continebit.⁸
586 1248 757 1316 Mercerur
771 1245 805 1311 in
822 1263 900 1339 cap·
913 1236 1031 1315 XVII·
1045 1244 1126 1308 Gen.
1148 1260 1215 1306 non
1268 1234 1508 1308 circumcisioni
1521 1231 1615 1326 fuisse
1628 1240 1789 1311 adnexam
1801 1201 2127 1368 pinifssfflnpz'

342 1337 384 1409 de
398 1344 566 1435 punitione
578 1341 718 1440 quadam
733 1337 896 1435 corporali
908 1361 966 1434 per
980 1335 1215 1432 magillrntuui,
1267 1333 1449 1405 miffionem
1461 1336 1653 1410 remiffionis
1665 1358 1874 1436 peccatorum
1923 1368 2050 1445 mpsim,
2063 1389 2122 1449 pec-

340 1435 395 1508 sed
421 1437 463 1508 de
491 1442 828 1516 excommunicatione
862 1431 1067 1508 ecclesallica
1083 1430 1215 1502 intelli·
1267 1441 1302 1505 δι
1318 1438 1387 1501 vite
1404 1455 1546 1523 arern25
1559 1440 1694 1531 primo,
1708 1442 1873 1535 qninapo-
1962 1467 2097 1511 catorum.

339 1544 422 1633 gir(
456 1538 485 1627 ).
535 1543 616 1639 Qae
638 1539 679 1610 de
702 1535 934 1633 fignificarione
945 1535 1079 1631 federis
1101 1548 1215 1601 contra
1255 1531 1363 1626 stolus
1380 1531 1428 1607 ΕΤ
1441 1533 1788 1630 Augustinusdocent,
1803 1565 1867 1612 me·
2144 1541 2149 1548 '

338 1637 554 1734 nugullinuni
586 1637 795 1708 Bcllarminus
825 1631 993 1731 disputat,
1018 1632 1115 1703 nobii
1144 1652 1228 1714 nori¹
1265 1634 1358 1700 liores
1386 1628 1443 1727 effe
1456 1634 1674 1726 promiffionts
1695 1636 1871 1732 testamenti
1898 1643 2015 1714 ueteris
2040 1667 2141 1739 qnam

338 1733 547 1807 adversentur
561 1766 575 1827 3·
605 1761 684 1807 non·
698 1757 854 1832 negamus
874 1756 933 1831 per
949 1731 1078 1831 passum
1103 1734 1137 1800 in
1152 1730 1224 1810 liaic¹
1264 1734 1359 1800 novi:
1384 1752 1448 1827 qua
1471 1730 1564 1802 dere
1590 1732 1686 1826 paulo
1708 1736 1782 1831 poli
1800 1734 1950 1836 diceture
1979 1737 2139 1823 secundo,

336 1825 767 1936 cornminarione'nrpolrror
791 1838 825 1903 dt
839 1830 1064 1926 principaliter
1084 1830 1213 1925 pasioni
1264 1832 1345 1924 poia
1362 1831 1532 1900 Abrabam
1546 1883 1560 1909 ,
1586 1836 1637 1902 cui
1654 1837 1803 1925 primunt
1826 1840 1989 1932 inoperoso
2013 1838 2139 1936 estrir-

336 1933 589 2007 circumcilionis'
617 1925 917 2005 {contemtoribus
943 1933 1070 1999 irritum
1089 1924 1213 1998 factum
1262 1930 1421 2023 cumcisio,
1454 1928 1703 2025 'rtslffmrtrjiiit
1717 1946 1794 2004 onte
1812 1941 1883 2037 ejnr
1891 1937 2155 2034 susceptionem,'

335 2029 581 2128 intelligendum
612 2028 674 2106 else
689 2087 703 2113 ,
739 2032 866 2101 interim
881 2031 1075 2125 secundario
1108 2033 1143 2098 dt
1173 2048 1212 2093 ex
1264 2028 1347 2097 Gen.
1366 1951 1457 2100 iris
1477 2030 1573 2098 Rom.
1592 2030 1657 2101 IV.
1702 2035 1796 2130 Ergo
1822 2040 2043 2108 circumciioni
2072 2065 2137 2111 nnn

333 2128 539 2225 consequenti
560 2134 602 2204 ad
617 2134 748 2230 passum
766 2155 841 2200 cuni
862 2124 1128 2199 ridamosadium
1143 2148 1211 2194 non
1249 2128 1325 2220 fnit
1343 2129 1457 2195 addita
1477 2132 1638 2221 promiffin
1666 2137 1703 2200 de
1728 2136 1899 2225 remiffione
1923 2150 2136 2229 peccalorum.

333 2223 471 2297 absurde
487 2231 526 2299 ab
542 2233 719 2331 liugoslino
734 2228 912 2314 reducitur;
932 2228 1008 2298 ideo
1023 2229 1111 2296 enim
1132 2246 1211 2293 con·
1263 2219 1359 2318 Rei'p.
1388 2232 1515 2320 egregia
1549 2252 1626 2296 vero
1653 2234 1756 2304 cario,
1784 2234 1919 2305 Davidie
1940 2245 1974 2307 &
1997 2239 2135 2333 aposloli

332 2330 523 2398 renitoribus
539 2328 787 2403 circumcisionis
805 2346 873 2397 tam
893 2328 998 2423 gravis
1017 2345 1110 2417 poent
1132 2345 1220 2392 con·-
1260 2323 1364 2406 Pauli,
1389 2328 1552 2394 imovero
1573 2324 1669 2419 ipsius
1688 2328 1804 2399 Christi
1830 2339 2048 2426 pronunciatis
2064 2362 2135 2408 ina-

332 2424 499 2507 llituitur,
531 2436 605 2528 quia
633 2457 650 2501 a
677 2444 812 2526 peccato
841 2425 992 2521 originali
1016 2423 1139 2522 (quod
1164 2421 1208 2491 est
1257 2417 1372 2492 nifelle
1390 2418 1549 2515 opposita.
1596 2425 1704 2495 David
1723 2433 1925 2520 pronunciat,
1937 2457 2051 2505 omncs
2065 2430 2133 2504 san·

330 2527 534 2621 transgressio
556 2532 643 2626 paesi
672 2551 748 2601 eum
780 2525 910 2595 ildoino
932 2527 1080 2619 primitus
1108 2522 1207 2608 initi)
1257 2520 1330 2590 dios
1347 2528 1381 2594 oc
1400 2520 1498 2611 justos
1515 2527 1633 2615 precari
1655 2548 1680 2591 a.
1693 2526 1767 2594 Deo
1790 2552 1997 2622 peccatorum
2019 2539 2131 2605 remis·

329 2646 428 2693 nemo
452 2626 577 2698 liberari
597 2630 718 2725 porcis,
736 2622 794 2694 nisi
822 2648 879 2718 per
901 2626 1205 2719 regenerationem,
1256 2615 1392 2698 sionem,
1409 2615 1521 2694 l'stlm.
1541 2617 1694 2699 XXXII.
1713 2632 1747 2694 6,
1784 2626 1897 2699 Paulus
1915 2627 2013 2700 docet
2028 2632 2131 2702 libra·

330 2729 419 2813 cujus
437 2723 579 2796 silutare‘
599 2729 743 2798 medium
763 2729 797 2795 de
818 2721 1055 2792 l'acreincnrum
1078 2719 1123 2791 ell
1143 2721 1206 2788 cir·
1256 2716 1346 2789 hami
1362 2723 1394 2787 in
1409 2721 1521 2789 medio
1543 2722 1666 2813 pictoris
1685 2720 1776 2793 cursu
1798 2728 1961 2798 constituti
1982 2725 2132 2821 justifica-

328 2822 492 2891 cumcisio.
526 2829 606 2896 Vide
629 2829 766 2895 omnino
787 2821 889 2917 ipsum
907 2822 1121 2915 Augustinum
1148 2814 1203 2888 lib.
1256 2819 1379 2887 tionem
1416 2814 1585 2885 consistere
1617 2824 1649 2887 in
1691 2822 1875 2897 remissione
1901 2845 2124 2922 peccatorum,

327 2919 472 2992 livide
493 2929 577 2992 civit.
595 2928 657 2994 Dei
670 2947 739 3018 cap.
759 2944 815 3003 27.
833 2921 887 2989 ubi
905 2918 1097 3017 pulcerrime
1110 2916 1150 2987 de
1164 2913 1202 2984 il.
1254 2917 1354 2988 Rom.
1374 2913 1435 2990 IV.
1453 2938 1486 2997 7.
1538 2913 1683 2987 Christus
1715 2921 1900 3017 quotidiana
1917 2944 2126 3020 peccatorum

326 3014 357 3083 la
394 3023 479 3116 podii
516 3021 761 3119 transgresione
795 3014 943 3114 disputat.
994 3021 1040 3088 lta
1069 3039 1200 3113 quoque
1251 3013 1436 3084 remissione
1467 3037 1582 3082 omnes
1606 3014 1703 3106 pullos
1736 3019 1884 3117 indigere
1911 3028 2127 3119 pronunciat3

326 3141 398 3210 quae
420 3119 464 3189 de
484 3116 583 3191 Mose
602 3122 811 3205 Bellarminus
844 3142 957 3187 contra
984 3114 1199 3213 nugullinum
1250 3109 1455 3188 Matth.Vl·
1482 3134 1519 3174 ¹2
1547 3115 1609 3208 qud
1628 3137 1708 3211 ergo
1726 3123 1866 3190 veritatis
1893 3117 2128 3217 specieinferri

325 3212 486 3314 disputat,
511 3219 599 3316 quod
619 3215 821 3319 ipsesoluin,
837 3241 903 3285 non
920 3240 1032 3287 autem
1059 3212 1143 3286 filius
1164 3216 1198 3281 in
1249 3213 1377 3309 potest,
1414 3208 1575 3281 Abraham
1602 3205 1664 3281 fuir
1686 3217 1780 3299 justus
1806 3236 1879 3289 ante
1905 3220 2126 3293 circumcisio·

323 3317 466 3409 periculo
490 3314 606 3395 luerit,
634 3319 748 3393 itidem
776 3308 904 3386 facilem
926 3315 1045 3385 lrab'ent
1067 3313 1200 3409 explica·
1249 3336 1343 3391 uem:
1371 3332 1451 3404 ergo
1470 3332 1536 3377 non
1551 3310 1700 3407 ‚indiguit
1717 3314 1929 3411 promissione
1954 3317 1994 3389 de
2012 3323 2126 3391 remir-

324 3421 459 3486 tionem.
513 3424 673 3510 Qumvis
684 3421 771 3489 enim
788 3412 871 3485 solus
888 3410 998 3489 Moses
1027 3414 1070 3484 ob
1092 3410 1199 3509 negle·
1249 3408 1339 3481 lione
1351 3424 1561 3506 peccatorum
1576 3403 1773 3485 sacramento
1787 3415 2033 3488 circumcisionis
2046 3444 2126 3490 con·

324 3514 410 3583 diam
428 3512 485 3583 filii
502 3516 784 3591 circumcisionem
807 3521 837 3584 in
859 3511 1132 3609 prel'eutillimum
1151 3515 1198 3583 vi·
1248 3506 1409 3580 firmanda
1427 3515 1463 3578 Bc
1483 3502 1703 3603 obsignandi?
1717 3512 1930 3586 Circuincillo
1947 3509 2126 3617 fuitſsgna·

321 3632 360 3681 tc
376 3615 554 3710 periculum
572 3612 716 3690 incidisse
732 3614 875 3699 dicatur,
897 3639 936 3682 cx
952 3640 990 3683 co
1006 3634 1198 3679 tamennon
1247 3613 1351 3680 tulum
1371 3607 1520 3707 justitiae
1534 3609 1644 3698 ji'dri',
1672 3608 1813 3682 docente
1842 3611 1990 3710 apollolo
2019 3623 2125 3690 stom.

320 3711 422 3808 potell
443 3711 575 3793 inferri,
602 3730 821 3788 contemtores
844 3710 1097 3782 circumcisionis
1116 3728 1197 3776 tem·
1247 3707 1308 3785 IV·
1335 3732 1392 3781 11·
1413 3704 1526 3795 justitia
1543 3703 1619 3775 fidel
1642 3705 1781 3778 confidit
1796 3713 1829 3779 in
1845 3708 2028 3784 remiffifflie
2049 3739 2124 3808 Pec-
2159 3791 2164 3796 .

319 3808 469 3906 poralein
493 3813 702 3886 solummodo
722 3837 852 3910 poenam
871 3824 1025 3886 manere,
1051 3806 1099 3878 vel
1116 3808 1196 3877 Mo·
1245 3829 1416 3879 catorum,
1432 3804 1568 3873 docente
1590 3806 1708 3875 eodem
1724 3830 1751 3884 r.
1768 3816 1788 3869 6
1794 3861 1802 3879 .
1829 3812 1939 3909 utique
1957 3835 2037 3910 ergo
2060 3815 2124 3884 cir·
2182 3822 2185 3826 ’

318 3907 359 3982 sii
375 3910 446 3982 filio
466 3913 743 3985 circumcisionem
767 3937 834 3980 uon
863 3904 957 3979 soille
980 3911 1195 4005 regeneratio·
1245 3902 1401 3977 cunicisio
1422 3899 1485 3971 fuit
1511 3898 1706 3997 signaculum
1719 3906 1976 4072 ‘promissionem
2001 3908 2044 3980 de
2072 3934 2122 3985 re.

318 4015 367 4080 nis
388 4010 562 4102 medium3
589 4016 758 4111 quinimo
774 4013 938 4079 Dominus
962 4014 1061 4079 uolo-it
1082 4004 1195 4098 lllosin
1246 4001 1394 4075 misione
1423 4024 1631 4098 peccatorum
1654 4025 1716 4073 con
1743 4025 1852 4077 imaus
1880 4013 1914 4080 dt
1942 4004 2122 4107 obsignans.

315 4114 474 4188 occidere,
500 4110 578 4183 dicit
600 4130 722 4200 textus,
750 4110 815 4179 hoc
837 4109 904 4188 cll,
928 4107 1095 4178 doloribus
1117 4131 1194 4177 cor·
1247 4105 1529 4203 Qiainvis.igirur
1544 4106 1647 4194 gratia
1668 4103 1727 4171 Dei
1754 4110 1789 4174 δι
1812 4104 1932 4197 justitia.
1953 4106 2028 4178 fidei
2052 4134 2122 4183 non

313 4214 437 4306 poris',
470 4211 648 4282 terroribus
678 4205 881 4280 conscientiae
910 4215 942 4279 ἀ
971 4202 1056 4276 sensu
1080 4210 1193 4275 mortis
1244 4203 1389 4274 denovo
1417 4224 1476 4297 per
1508 4195 1789 4270 circumcisionem
1817 4202 1952 4276 demum
1983 4208 2120 4278 Abrahae

310 4307 422 4414 ipsum
446 4306 570 4380 adflixit
588 4362 604 4389 ,
629 4313 681 4380 cui
706 4332 807 4406 poenae
830 4304 974 4377 santium
993 4309 1101 4377 virum
1123 4328 1192 4375 non
1244 4302 1345 4467 fuerip
1362 4297 1509 4375 collata,
1537 4295 1643 4369 eidem
1666 4315 1776 4369 tamen
1796 4301 1909 4374 itidem
1938 4298 2002 4375 suit
2026 4327 2141 4408 orgi--

1025 4428 1029 4434 ’
1292 4403 1319 4470 l·
1372 4423 1392 4472 2
2037 4427 2120 4480 num

354 4632 432 4716 (is)
448 4636 514 4693 Non
531 4644 646 4687 tantum
661 4624 911 4684 Mincanoi,
932 4620 979 4681 sed
993 4618 1026 4681 &
1039 4617 1192 4681 Loris!-
1344 4635 1407 4680 non
1423 4629 1555 4690 receptus
1564 4612 1609 4706 'in‘
1620 4608 1715 4672 sordue
1728 4607 1846 4690 gratini,
1869 4607 1953 4701 itaut
1969 4603 2021 4700 ipsi
2033 4606 2121 4671 dene·

416 4729 440 4774 n
451 4731 495 4777 ris
513 4750 522 4777 ,
550 4711 661 4773 Caii·
674 4722 680 4764 i
692 4721 713 4763 rr
725 4719 791 4769 iis,
819 4703 863 4760 Di
874 4713 1064 4766 omarus,
1087 4699 1192 4759 Wrii:
1341 4713 1430 4778 gctur
1443 4690 1623 4754 consortium
1637 4710 1703 4751 cuni
1723 4685 1836 4748 ecclesia
1860 4686 1995 4745 militante
2012 4708 2045 4748 in
2064 4708 2122 4751 ter·

413 4816 436 4859 τ
447 4809 525 4857 riou
536 4807 633 4858 us,ac
646 4784 810 4859 complures
826 4782 874 4839 alii
890 4781 995 4840 liancce
1011 4778 1191 4857 adoptarunt
1345 4798 1402 4840 ris,
1424 4776 1456 4838 δι
1473 4792 1525 4849 per
1540 4771 1717 4851 consequent
1735 4788 1801 4828 cuni
1819 4764 2005 4859 trimphum
2020 4769 2051 4829 in
2064 4789 2121 4830 ωε-

411 4880 583 4939 senteutiam
592 4912 602 4940 ‚
624 4866 796 4928 statuentes,
819 4862 945 4942 intelligi
965 4860 1027 4918 sieic
1042 4877 1190 4917 excomm·
1344 4856 1389 4915 lis.
1413 4855 1451 4914 At
1473 4871 1509 4945 ue
1522 4850 1580 4910 hac
1593 4869 1714 4931 quoque
1727 4848 1766 4909 cst
1778 4846 1919 4906 sententia
1931 4846 2118 4911 (insint.

417 4967 579 5019 eiectionem
596 4946 807 5029 adsalutem,
837 4958 894 5015 qut
918 4935 1191 5000 contemtor'sacra·
1342 4947 1386 4995 ni
1407 4953 1448 4993 no
1490 4952 1511 4990 i.
1540 4929 1609 4997 vid.
1632 4933 1765 5002 ejurdein
1790 4931 2013 4988 commentarium
2029 4927 2123 5024 super
2242 4960 2248 4972 ·

418 5046 513 5106 menti
536 5038 672 5112 ejiciatur
693 5047 729 5088 ex
750 5018 864 5087 ecclesia
886 5018 1018 5088 visibili.
1049 5034 1188 5096 tanquam
1342 5014 1443 5077 Gener.
1458 5031 1488 5094 p.
1504 5018 1568 5092 364.
1583 5009 1675 5093 quaest.
1690 5008 1779 5072 xiil.
1815 5121 1819 5132 ι
1896 5103 1899 5108 Ι
