4900 5809
358 394 430 474 ais
769 433 772 440 .
1008 379 1135 451 ioci
1170 377 1272 453 itiit
1304 365 1412 456 cir.
1438 379 1521 448 vii

361 567 396 631 δι
412 555 624 631 sacramenta:
648 556 725 630 ideo
754 558 870 635 dios,
907 583 979 654 que
1008 555 1050 629 de
1076 555 1231 627 hierifictis
1282 545 1472 654 putabantur
1500 581 1535 627 ex
1553 552 1763 654 superstitiosa
1778 559 1964 642 iudeorum
1989 562 2158 661 persualio'

361 682 485 753 egunt,
513 653 653 728 noneisc
669 647 765 747 ¹hujus
785 658 851 728 loci
870 661 1013 753 propria.
1064 654 1230 726 Sedenim
1282 681 1336 727 ne·
1379 651 2086 753 Reprehendunfur&refutanturhisdieiis
2103 659 2157 733 fal·

351 736 435 827 clini
452 756 591 853 superius
612 752 888 832 coiiceii'eriinus,
925 779 982 850 per
1005 752 1156 825 sacrificia
1180 755 1231 821 iti·
1283 751 1323 824 ste
1339 760 1528 849 opiniones,
1555 780 1634 853 ques
1651 758 1802 826 homines
1818 765 1955 830 externis
1974 759 2036 831 illis
2052 764 2158 834 ritibus

359 854 436 923 dein
450 850 541 924 fuiise
555 853 656 924 fidem
674 858 804 949 piotuin
817 852 1065 940 confirmatam,
1081 861 1114 922 ἀ
1131 850 1233 920 medi·
1283 853 1428 949 neglccia
1444 856 1656 948 proiniiiione
1675 860 1708 925 dt
1724 850 1789 924 fide
1807 856 2017 953 adfingebant
2034 912 2045 935 ,
2073 860 2158 957 quisi

358 969 431 1023 ante
455 951 595 1023 haciide
617 957 650 1021 in
673 956 800 1022 unicum
823 946 1017 1021 sacrificium
1042 948 1161 1020 Chtiili
1182 971 1232 1016 re·
1284 975 1321 1021 ei
1339 974 1437 1045 opere
1464 969 1601 1046 oper-ato
1622 950 1774 1044 prolint,
1806 952 1901 1025 sitiel
1921 963 2066 1030 inaxime
2090 987 2157 1031 non

356 1048 512 1147 spicicntc
528 1050 663 1121 roelestii
677 1049 829 1121 beneficia
845 1048 915 1147 ipsis
932 1047 1126 1125 distributa,
1151 1050 1231 1138 quin
1283 1048 1364 1119 adiit
1397 1050 1532 1117 interior
1558 1047 1726 1117 eoiiieriio
1747 1059 1779 1123 de
1806 1077 1880 1123 vera
1906 1055 1988 1127 rides
2026 1062 2169 1130 unicum·

359 1158 393 1221 dt
423 1149 591 1220 defectum
622 1145 894 1218 sacramentorum
925 1151 958 1215 iii
992 1144 1133 1242 patribus
1156 1163 1232 1212 ante
1283 1147 1402 1217 Chrilli
1421 1144 1609 1216 sacrificiunt
1631 1142 1811 1240 respiciens.
1860 1159 1912 1238 6.)
1932 1154 1971 1224 ld
1987 1158 2158 1229 ostendunt

358 1247 608 1324 cirriiiucisionis
620 1244 850 1316 inilitiitionetn
867 1269 925 1342 per
944 1249 1041 1313 tituin
1057 1238 1230 1312 sacrificio·
1286 1243 1531 1317 circumstantia
1557 1261 1658 1314 textus
1672 1248 1705 1311 in
1723 1242 1850 1342 siugulis
1868 1249 1929 1322 illis
1951 1251 2061 1324 dicire.
2096 1263 2158 1326 Lo.

303 1333 323 1370 ¹
358 1370 431 1415 rum
448 1340 542 1417 fuiiie
557 1341 766 1437 suppletum,
792 1343 867 1412 ideo
885 1366 952 1411 non
964 1339 1169 1435 repudiamus
1179 1361 1231 1408 ar·
1284 1366 1340 1414 eus
1357 1337 1469 1412 Psalm.
1487 1342 1563 1417 XL.
1581 1363 1613 1423 7.
1631 1346 1760 1437 proprie
1776 1351 1838 1440 agit
1850 1345 1892 1417 de
1907 1350 2047 1429 Meffia,
2069 1355 2157 1453 quod

357 1464 511 1539 guiiienta
540 1468 579 1511 ex
607 1439 764 1512 lucrificiis
789 1445 821 1511 in
845 1442 905 1509 hac
925 1438 1099 1534 quaeliione
1122 1437 1228 1507 dudit.
1283 1465 1351 1511 non
1366 1462 1423 1534 per
1438 1435 1624 1538 sanguinem
1644 1460 1809 1511 taurorum
1831 1452 1863 1515 di
1887 1448 2057 1521 hircorum
2074 1455 2158 1541 juitta

360 1540 422 1627 a.)
449 1538 552 1613 Facile
568 1537 776 1607 concedimus
797 1536 1012 1620 Bellarmino‚
1038 1534 1228 1628 quodcxbis
1281 1537 1361 1636 legis
1376 1535 1591 1633 praescriptum
1607 1532 1829 1619 offerendum,
1844 1540 1895 1614 icil
1914 1571 1970 1642 per
1981 1555 2157 1643 propriam

355 1639 607 1711 dictisevincere
622 1628 1229 1728 conatur,sactihcienonjustisicalie,
1271 1636 1467 1735 stinguiiiem
1496 1632 1694 1732 ingreffuriis
1714 1637 1755 1728 fit
1770 1640 1925 1731 senilem
1939 1646 2156 1739 firmorum,

354 1737 560 1830 vel-gratiani
574 1730 735 1805 contultffe
755 1759 792 1804 ea
808 1758 906 1830 opere
923 1747 1056 1829 operato
1080 1731 1145 1800 line
1161 1730 1228 1801 fide
1284 1741 1387 1805 Hebe.
1410 1735 1470 1808 lx.
1500 1753 1559 1804 12.
1596 1759 1634 1802 ex
1666 1759 1733 1830 quo
1770 1733 1869 1808 infert
1908 1745 2025 1815 notior
2064 1747 2156 1842 epiil.

357 1832 540 1913 oiieieiitisi
564 1831 769 1926 probandum
788 1833 865 1903 ver'o
882 1855 980 1907 erat,
1007 1824 1227 1923 quodsacrifi·
1283 1829 1387 1903 Hebr.
1411 1832 1452 1904 X.
1481 1857 1510 1910 4.
1536 1832 1717 1924 Iumiiffibile
1744 1833 1826 1930 effe,
1850 1840 2018 1937 stingum
2044 1851 2157 1915 tauro.

215 1987 222 1996 ,
355 1937 458 2003 cisne
474 1932 605 2026 qui-iem
627 1932 786 2013 τυπικῶς
812 1923 955 2023 respediu
978 1926 1054 1997 fidei
1076 1929 1110 1995 in
1131 1925 1228 1995 Chri·
1281 1954 1357 2001 riim
1382 1928 1429 2003 65
1454 1930 1615 2001 hircorum
1641 1933 1767 2022 expiari
1795 1949 1955 2025 peccata,
1992 1937 2057 2013 sed·
2076 1940 2158 2014 solus

327 2029 459 2107 dium,
481 2037 567 2117 cujiis
594 2027 718 2098 illulltis
734 2051 825 2125 typus
843 2029 936 2097 ineis
961 2023 1224 2122 proponebatur,
1281 2029 1398 2097 Christi
1415 2022 1540 2124 sanguis
1566 2025 1663 2096 habet
1688 2032 1839 2102 uirtutem
1860 2042 2058 2110 emundandi
2085 2065 2156 2110 coia·

355 2123 473 2197 fuerint
493 2121 666 2207 insectati,
689 2134 779 2217 cujus
794 2129 991 2195 contrarium
1015 2121 1153 2217 superius
1169 2118 1226 2190 dc·
1268 2126 1442 2222 scientiam
1453 2127 1647 2219 aboperibiis
1661 2133 1798 2200 mortitii
1815 2127 1878 2202 sive
1894 2144 2043 2229 peccatis.
2058 2139 2156 2236 Qud

289 2213 291 2218 ’
355 2226 614 2296 monstravimus.
669 2229 725 2312 s.)
752 2221 821 2319 ipse
841 2221 1049 2290 bellarminus
1062 2219 1224 2295 concedit,
1280 2228 1362 2322 er'go
1376 2246 1483 2320 patres
1504 2243 1562 2293 vet.
1591 2221 1660 2295 tell.
1683 2226 1840 2315 justificati
1858 2226 1950 2309 sunt,
1973 2236 2041 2306 hoe
2059 2235 2157 2307 adlit.

353 2327 459 2395 nullas
471 2326 662 2394 ceremonias
676 2336 738 2392 oet.
756 2321 823 2417 test.
840 2317 1137 2415 hahuiffeciarioees
1147 2341 1227 2408 pto-
1280 2343 1349 2393 mat
1372 2324 1486 2392 audior
1506 2319 1677 2419 epistolae,
1703 2317 1828 2395 facium
1857 2331 1918 2399 elie
1944 2357 2012 2401 non
2036 2337 2156 2407 virtute

353 2425 502 2513 miffiones
517 2428 555 2492 de
573 2421 743 2512 remifflone
764 2431 989 2511 pececatorum,
1006 2414 1225 2512 quamsacri·
1278 2418 1438 2519 sanguinii
1459 2420 1641 2515 pecudum,
1667 2417 1720 2490 sed
1738 2424 1826 2517 quod
1851 2422 1907 2496 l'ub
1926 2437 2007 2523 typis
2031 2440 2067 2505 ά
2084 2456 2155 2502 uin·

232 2591 235 2596 ,
344 2519 447 2615 ficia:
473 2545 535 2615 qua
550 2544 629 2613 ergo
647 2522 787 2587 veritatis
802 2515 905 2611 specie
926 2513 991 2585 di'ci
1010 2511 1114 2608 potest
1131 2563 1145 2590 ,
1160 2513 1224 2605 sa-
1279 2522 1343 2591 bris
1368 2516 1497 2587 illorum
1521 2513 1751 2587 sacrificiorum
1773 2520 1852 2591 lides
1874 2524 1960 2595 uliud
1986 2528 2155 2624 obyetiuui

354 2619 473 2711 crificia
493 2619 590 2709 pinne
608 2617 687 2684 nihil
699 2623 742 2684 ud
755 2615 1165 2706 reiniffiottempeetatoriim
1178 2609 1225 2683 &i
1278 2622 1390 2687 intuite
1407 2614 1446 2685 sit
1461 2622 1494 2685 &
1512 2612 1756 2710 adprehenderit
1772 2620 2020 2715 promiiiionein
2042 2629 2084 2697 de
2107 2624 2156 2697 fu·

341 2709 771 2815 jaii'ficiiiinnemitaiiiffl?
799 2716 882 2781 inter
898 2709 1032 2780 verbum
1043 2706 1228 2805 proiniisio·
1280 2734 1348 2783 tura
1367 2716 1498 2784 victima
1512 2712 1581 2784 Filii
1597 2715 1657 2782 Dei
1674 2713 1869 2788 mediatoris.
1896 2715 1962 2790 lisa.
1976 2725 2003 2795 Ι.
2024 2748 2077 2796 ii.
2099 2729 2157 2796 ad·

353 2820 401 2883 nis
418 2823 452 2885 &
469 2810 569 2882 iidem
587 2813 630 2882 est
647 2832 799 2907 perpetua
815 2808 939 2878 relatio.
991 2810 1079 2902 Ergo
1098 2803 1225 2875 sisteri-
1279 2810 1367 2881 ditur
1384 2810 1495 2881 itidem
1515 2803 1634 2886 cauti,
1657 2834 1754 2904 quate
1768 2817 1854 2885 Deus
1870 2814 2086 2892 ii'raclitrituiii
2111 2818 2156 2893 sa·

353 2910 429 2983 ficia
468 2910 647 2981 habuerunt
679 2909 778 2977 elatis
804 2904 1025 3003 promissiones
1050 2903 1093 2973 de
1117 2896 1226 2972 reinis-
1277 2907 1395 2979 eriiicii
1420 2907 1601 3001 improbet,
1631 2932 1662 2978 v.
1687 2932 1740 2987 ις.
1764 2919 1842 3006 quia
1870 2942 1986 2985 etesius
2011 2922 2153 3014 ipfiirum

352 3007 440 3081 firme
466 3030 696 3103 peecatorum,
726 3008 836 3098 utique
867 3028 905 3072 ex
936 3026 1025 3098 parte
1051 3003 1225 3069 hominum
1256 3006 1573 3105 -Jiiiaguiiiepleteae;
1589 3028 1790 3103 nequaquam
1807 3036 1885 3082 vero
1900 3019 2092 3103 rejiciuntur
2109 3017 2156 3088 sa-

351 3101 577 3202 reqiiiiinfuii
601 3102 702 3182 fides,
729 3093 1227 3192 Christisacrificiumrespicieos
1277 3106 1419 3181 crificia,
1446 3102 1534 3201 quali
1551 3099 1734 3197 iimpliciter
1752 3111 1827 3177 Deo
1842 3135 1909 3181 non
1922 3110 2095 3212 placeant,
2119 3123 2153 3192 ἁ
2190 3139 2193 3144 ·

351 3213 387 3277 δι
409 3221 493 3273 oona
524 3211 556 3272 in
573 3203 670 3273 verbo
688 3196 908 3298 proiniilionis
925 3196 1030 3267 obluta
1046 3200 1224 3288 recipient·
1276 3200 1340 3271 sitit
1353 3219 1411 3297 per
1427 3196 1459 3271 se
1474 3199 1559 3271 inala
1573 3208 1608 3272 δι
1627 3199 1826 3283 inefficacia,
1852 3202 1907 3279 sed
1927 3215 2007 3308 quis
2030 3215 2070 3285 ab
2093 3215 2154 3289 ho.

211 3333 213 3337 ·
312 3299 315 3303 ’
352 3304 412 3391 4.)
438 3301 599 3372 Concedit
624 3305 721 3370 etiam
744 3295 955 3366 bellarminus
979 3319 1048 3390 cap.
1072 3314 1126 3375 ιγ.
1149 3285 1223 3386 seq·
1279 3304 1419 3371 minibus
1441 3300 1639 3393 hypocritis,
1675 3304 1783 3396 impiis
1809 3308 2154 3404 &imponentibus

333 3399 514 3492 -Sneristeie
527 3399 677 3496 pieeuiffe
696 3400 767 3468 Deo
783 3415 822 3463 ex
835 3396 996 3464 devotione
1017 3390 1063 3465 di
1080 3391 1227 3460 obedien·
1277 3390 1517 3473 offerebantur,
1531 3403 1565 3468 de
1582 3395 1709 3492 quidem
1727 3399 1787 3471 hae
1802 3408 1976 3499 opinione,
1995 3412 2089 3502 quod
2106 3415 2154 3481 ha

233 3499 237 3506 “
350 3506 397 3569 tia
416 3500 636 3592 iiffeeeiatiiiiii,
666 3496 696 3565 id
728 3490 816 3594 quod
840 3516 912 3586 cap.
935 3512 987 3563 ιε.
1012 3488 1055 3560 fic
1072 3486 1221 3584 explicat:
1277 3499 1469 3565 ceremoniae
1482 3517 1540 3589 per
1555 3489 1607 3570 se,
1625 3518 1664 3563 ex
1680 3521 1778 3592 opere
1794 3525 1931 3597 operato
1947 3507 1990 3575 ita
2007 3512 2082 3579 Deo
2097 3508 2154 3580 fini

279 3617 281 3621 ·
341 3592 740 3701 justisi'eiffefiicrainentn
757 3602 865 3662 vitem
885 3613 924 3659 ex
940 3612 1031 3681 opere
1046 3588 1220 3677 operientis,
1275 3612 1433 3687 acceptae,
1461 3615 1495 3659 ue
1510 3611 1678 3688 propterea
1697 3596 1772 3691 ipsis
1790 3596 1897 3671 favere
1913 3608 1947 3671 &
1962 3608 2154 3680 reconcilia·

350 3703 383 3767 id
401 3694 466 3789 ejl,
491 3717 530 3761 ex
535 3691 606 3785 fide
628 3692 672 3766 dy
691 3687 1071 3782 devotionesuseipieiitis.
1129 3683 1225 3777 Qiod
1276 3694 1306 3758 ri
1322 3708 1479 3784 cogetur,
1506 3686 1630 3759 etiamsi
1650 3691 1681 3759 in
1698 3695 1864 3787 hypocrisi
1879 3706 1913 3769 &
1932 3703 2012 3789 'vite
2035 3706 2153 3802 impie.

353 3794 375 3865 ii
393 3815 525 3886 ergoet
542 3790 608 3860 iiic
622 3791 808 3887 placuerunt
823 3787 896 3855 Deo
915 3782 1064 3853 literificia
1083 3788 1227 3877 piorum,
1278 3805 1340 3856 tate
1358 3783 1611 3882 perseverarent:
1636 3787 1716 3866 hac,
1731 3795 1865 3885 inquam
1879 3842 1891 3875 ,
1907 3801 2069 3890 opinione
2082 3829 2151 3874 nou

350 3887 559 3988 uiiqiielides
577 3896 608 3958 in
626 3890 829 3958 exercitiis&
851 3885 960 3953 ritibus
978 3880 1036 3948 iliis
1055 3876 1226 3950 sacrificio·
1276 3880 1380 3955 lolum
1401 3878 1602 3961 offerebant,
1628 3880 1725 3959 sed&
1746 3890 1953 3963 cumulabant
1974 3894 2147 3979 sacrificia,

235 4043 241 4054 .
350 4013 422 4059 rum
441 3981 575 4080 respexit
594 3989 781 4062 Christum,
807 3976 931 4074 (litum
953 3978 1171 4068 correlatum)
1192 3983 1225 4048 dt
1276 4005 1339 4076 pito
1360 3982 1436 4051 milii
1457 3984 1627 4052 multitado
1648 3985 1855 4059 victimarum
1872 3991 2084 4086 ueslraeiam?
2105 3997 2153 4069 di-

349 4081 567 4156 remitlioiiem
592 4101 798 4180 peccatorum
822 4102 840 4146 a
857 4080 930 4148 Deo
950 4080 1095 4169 accepit:
1123 4072 1225 4146 fideiu
1276 4083 1320 4147 cit
1337 4081 1507 4149 Dominus.
1554 4078 1640 4173 Qid
1658 4106 1737 4180 eigo
1751 4090 1897 4164 niitiuii,
1915 4091 2005 4185 quod
2019 4093 2095 4165 talia
2107 4096 2151 4166 st.

349 4189 432 4256 enim
453 4204 520 4251 nuu
546 4201 701 4278 tanquam
724 4201 808 4273 opus
832 4174 965 4285 aliquod
993 4176 1224 4248 meritorium,
1275 4174 1394 4246 crificia
1421 4180 1459 4247 ab
1474 4180 1581 4272 impiis
1602 4185 1637 4248 δε
1656 4181 1833 4275 hypocritis
1851 4184 1997 4278 perversa
2021 4191 2083 4264 hac
2110 4219 2149 4264 o·

349 4281 405 4354 led
421 4285 455 4349 u‘t
470 4282 717 4351 instrumentum
743 4277 783 4343 ad
805 4272 1064 4367 justiiicitionem
1089 4295 1224 4340 concur·
1299 4278 1410 4343 inione
1425 4273 1530 4344 oblata
1547 4278 1621 4346 Deo
1642 4302 1708 4345 non
1731 4278 1933 4371 placuerint?
1959 4313 2034 4360 cuni
2055 4296 2150 4362 Prot.

351 4404 432 4454 rere,
448 4378 646 4448 ostendimus
660 4372 716 4445 suo
735 4372 823 4443 loco.
879 4377 930 4460 ς.)
957 4366 1048 4458 Qud
1070 4391 1150 4464 ergo
1170 4368 1242 4438 het.
1275 4300 1354 4448 ξίν.
1373 4388 1403 4444 i.
1428 4372 1591 4444 Wliimae
1609 4375 1782 4465 impiorum
1798 4378 1948 4452 dicuntur
1971 4387 2047 4458 Deo
2077 4395 2150 4462 ebo.

347 4472 514 4547 diuisiliis
534 4476 749 4575 propheticis?
775 4493 823 4538 res
843 4461 1079 4564 ipsstessctur,
1106 4489 1224 4536 erinon
1274 4472 1454 4540 niinabi'les:
1479 4495 1555 4557 cuin
1579 4495 1590 4533 i
1610 4477 1695 4542 Sani.
1713 4472 1794 4549 XV.
1818 4500 1872 4545 as.
1896 4482 2037 4575 expresse
2062 4494 2149 4559 Dei„

338 4570 438 4674 polle
458 4568 598 4643 absolute
618 4582 652 4643 δι
680 4567 867 4663 limplicieer
888 4563 1021 4659 intelligi
1043 4564 1083 4631 de
1104 4562 1223 4632 laetifi-
1273 4571 1428 4646 testetur,
1457 4571 1663 4639 obedentiam
1675 4571 1739 4667 fibi
1762 4578 1867 4669 magis
1884 4583 2022 4670 probari
2051 4610 2150 4681 quani

348 4679 424 4751 ciis,
449 4672 551 4765 qualia
574 4663 637 4741 elie
665 4668 825 4735 debebant
850 4664 1120 4753 exordinatione
1144 4662 1224 4747 Dei3
1264 4664 1445 4762 sacrficia:
1470 4664 1654 4761 cuinJGen·
1685 4667 1747 4745 IV.
1773 4693 1807 4748 4.
1832 4679 1875 4743 ad
1896 4679 1981 4748 Abel
2005 4687 2093 4777 prius
2116 4688 2149 4756 dr

347 4793 422 4841 cuni
439 4780 525 4838 enim
543 4771 630 4838 Deus
649 4761 711 4859 ipse
726 4762 889 4831 instituerit
904 4758 1121 4841 sacramenti,
1141 4784 1224 4851 quo·
1274 4760 1383 4859 polles
1397 4763 1532 4834 denium
1545 4764 1801 4861 *padseerifieium
1825 4773 1895 4870 ejus
1912 4772 2084 4874 respuisse
2102 4779 2149 4850 di.

347 4868 451 4939 niodo
474 4859 614 4936 absolute
634 4860 867 4956 &impliciter
888 4884 924 4929 ea
949 4855 1151 4951 repudiaret?
1174 4860 1219 4925 in·
1277 4882 1377 4932 contr.
1428 4861 1572 4958 Delipfis
1613 4867 1735 4937 recibut
1749 4865 1879 4941 illorum
1900 4872 2148 4970 hypocritarum

348 4963 518 5063 ieitigendi
534 4966 629 5064 igitur
645 4982 740 5033 erunt
758 4956 802 5030 de
819 4954 1006 5033 sacrificiis,
1023 4954 1136 5052 ¹qualit
1159 4949 1223 5026 effe
1276 4961 1352 5035 dicit
1373 4962 1537 5036 Dominus
1613 4961 1667 5039 ·l.
1690 4985 1703 5030 ι
1712 4960 1745 5046 ς’.
1780 4969 1866 5041 Crini
1887 4973 2147 5070 multiplicaveri-

1450 5133 1455 5144 ,,
2108 5076 2149 5145 tis
