4900 5809
326 368 402 446 266
1008 353 1258 432 L001x1tt
1292 353 1516 433 carvtt.
1629 419 1635 426 .
1702 404 1708 415 ·

326 535 534 619 eosseillcet,
559 538 615 637 qui
625 530 867 609 sacramentam
882 531 948 608 boe
962 534 1204 608 contemserint
1252 533 1329 612 irem
1358 538 1611 610 circunrcifionis
1635 548 1669 613 δι
1687 536 1848 637 baptismi.
1904 536 2133 628 Qrernadtno·

324 651 360 715 bt
377 635 533 736 aspernati
545 635 636 716 sunt,
650 661 723 707 cum
737 641 770 706 in
784 638 924 709 Hebraeo
939 635 976 706 fit
998 637 1092 736 Ἶῌίἲ,
1114 634 1204 733 quod
1251 638 1332 708 dum
1351 640 1606 709 contemtoribus
1623 639 1775 735 baptismi
1794 639 1916 708 dicitnr
1931 640 2006 722 joh.
2023 637 2085 712 III·
2103 666 2130 716 ς.

222 807 226 826 ,
324 741 479 843 significat
495 743 634 815 violare,
659 751 881 823 contemnere,
906 746 1086 842 negligere,
1101 749 1206 842 frasi.
1254 739 1328 837 Nifl
1339 741 1411 831 quis
1428 738 1681 832 renoturfrrerit
1699 766 1741 809 ex
1755 762 1843 833 apta
1858 737 1904 811 ly
1920 741 2131 829 Spiritusne

223 829 227 840 ¹
322 865 419 944 gere:
445 841 513 910 hoe
542 837 675 910 in'ouens
692 834 866 905 chaldaica
887 839 992 911 terlio
1017 840 1207 922 Onkelosii,
1251 840 1388 905 introbit
1410 839 1445 904 irs
1472 860 1609 933 regnum
1626 835 1804 909 colorem.-
1830 840 1873 905 ita
1902 860 2039 934 quoque
2056 860 2130 905 eon·

324 944 418 1014 verba
439 938 703 1012 comminationis
723 932 766 1003 src
782 931 940 1003 reddidit:
968 940 1132 1035 Masculus
1150 942 1204 1012 lire
1250 934 1439 1005 temtoribus
1464 933 1721 1007 circumcisionis
1751 938 1784 1002 in
1811 953 1873 1005 vet.
1895 933 1967 1006 test.
1992 934 2128 1004 dieitur:

322 1048 396 1114 bens
405 1041 639 1133 praeputium,
668 1040 724 1129 qni
741 1056 806 1099 non
825 1036 1056 1109 circumciderit
1074 1066 1203 1112 earnem
1248 1035 1435 1126 Masculus,
1460 1035 1553 1125 cujas
1575 1040 1739 1128 praeputii
1756 1056 1832 1105 earo
1852 1058 1917 1104 corr
1929 1036 2045 1129 faerit
2069 1036 2127 1101 cir·

314 1140 485 1239 praeputii
489 1136 548 1230 fui
561 1186 572 1211 ,
593 1137 712 1227 peribit
734 1133 826 1201 bomo
847 1134 897 1201 ille
922 1138 959 1203 de
977 1142 1098 1231 pop-nlo
1115 1140 1200 1234 stro,
1247 1132 1403 1220 cttnrcilia,
1428 1135 1582 1202 delebitur
1603 1132 1852 1228 depopulosrro.
1901 1135 1996 1229 Ergo
2019 1150 2056 1201 ut
2077 1132 2125 1199 ba-

321 1266 382 1311 nee
397 1241 503 1306 tamen
519 1233 559 1305 ad
576 1230 743 1302 tolosam
760 1252 800 1298 os
818 1231 886 1300 inec
903 1242 1114 1308 comminatio
1130 1265 1202 1336 per.
1248 1229 1379 1326 ptismus
1403 1231 1438 1297 in
1455 1255 1564 1311 novo,
1588 1235 1630 1301 ita
1646 1231 1848 1304 circumciso
1866 1234 1900 1299 in
1915 1255 1978 1301 rer.
1991 1230 2067 1300 tesi.
2084 1233 2125 1299 cst

321 1342 412 1410 tinet.
460 1332 722 1432 Qamvisenim
742 1321 925 1400 israeliticos
951 1336 1020 1405 illos
1042 1332 1200 1411 intimes,
1246 1329 1393 1399 inedium
1428 1333 1709 1424 regenerationis,
1735 1331 1929 1425 receptionis
1954 1336 1988 1399 in
2022 1324 2125 1399 sirdur

321 1441 377 1531 qui
397 1441 465 1502 non
482 1435 531 1503 soa
548 1430 652 1525 aliqua
675 1429 765 1515 eulpa
784 1472 800 1501 ,-
823 1423 876 1496 sed
900 1439 1195 1525 parentum(n0n.
1247 1429 1361 1500 Dei&
1384 1444 1505 1496 aeterna
1526 1424 1643 1500 salutis.
1695 1431 1921 1503 Comminatio
1939 1426 2053 1500 addita
2070 1425 2123 1494 br·

321 1536 402 1607 dum
418 1532 457 1601 ab
476 1526 605 1603 ecclesia
632 1525 800 1596 israelitica
822 1549 877 1619 per
901 1528 1101 1604 manifestam
1122 1559 1199 1630 apo.
1244 1523 1362 1622 ptismo
1376 1549 1444 1594 non
1466 1530 1607 1615 evincit,
1625 1526 1817 1625 baptismum
1839 1522 1903 1599 elle
1923 1545 2121 1625 preceptum

322 1628 448 1705 sialiarn
464 1625 710 1725 separatorum)
732 1622 925 1720 neglirenria
943 1633 1061 1723 (quod
1078 1631 1199 1702 Elieze.
1243 1627 1411 1724 quoddam
1441 1624 1540 1722 legale
1570 1634 1703 1725 proprie
1730 1626 1878 1701 dietum,
1904 1623 1960 1697 sed
1988 1622 2120 1695 salutare

319 1749 360 1805 ro
376 1725 480 1801 Molis
498 1726 569 1797 filio
597 1726 752 1822 contigit)
781 1688 837 1790 ves
855 1748 894 1793 ex
917 1728 1096 1800 neceffitate
1120 1753 1196 1827 qua.
1244 1724 1411 1810 medium,
1438 1726 1611 1822 perquod
1634 1731 1834 1823 regeneratio
1858 1731 1900 1797 dt·
1919 1719 2003 1794 salus
2029 1724 2118 1792 nobis

320 1830 395 1904 darn
408 1824 578 1897 inevitabili
598 1820 709 1919 (quod
728 1820 865 1913 parvulis
887 1826 919 1891 in
936 1822 1063 1901 deserto
1085 1836 1189 1904 natis,
1241 1823 1435 1892 obveniunt:
1460 1826 1506 1892 ira
1522 1830 1734 1896 comminatio
1753 1820 1994 1894 circumcisioni
2010 1820 2119 1891 addita

318 1925 505 2023 ibidemque
525 1923 699 1993 demortuis
723 1921 871 2006 accidit)
898 1923 963 1992 hoc
994 1922 1193 1997 sacramento
1242 1921 1356 1990 itidem
1384 1946 1452 1990 non
1477 1924 1594 1992 evincit
1614 1920 1892 1993 circumcisionem
1915 1915 1981 1992 else
2004 1945 2121 2019 prace-

321 2028 437 2125 privati
462 2023 555 2109 sunt,
577 2040 698 2091 temere
714 2041 781 2086 non
802 2021 1015 2109 damnemus,
1033 2051 1108 2095 cum
1131 2049 1194 2121 pro
1239 2036 1333 2115 ptum
1351 2019 1519 2116 quoddam
1541 2019 1662 2116 legale,
1690 2021 1740 2093 sed
1755 2020 1867 2091 itidem
1888 2017 2025 2090 salutare
2047 2045 2117 2088 me·

320 2118 576 2197 contemtoribus
591 2116 777 2188 {stramenti
794 2126 829 2187 dc
846 2117 1124 2215 transgressoribus
1143 2128 1193 2193 di·
1239 2120 1332 2189 dium
1353 2111 1606 2215 regenerationis
1621 2123 1778 2191 humana.
1831 2120 1886 2190 Est
1899 2122 1997 2214 igitur
2011 2122 2046 2187 in
2062 2143 2114 2187 ar·

319 2229 402 2298 rinc
419 2218 630 2292 ordinationis
643 2238 709 2293 non
724 2211 841 2310 pollinr
854 2216 978 2288 baberi:
1003 2225 1191 2319 quinetiam
1262 2236 1395 2287 umento
1419 2215 1603 2288 bellarmini
1624 2218 1747 2290 fallacia
1777 2212 1886 2290 musae.
1934 2220 2025 2287 Deus
2049 2242 2117 2287 non

320 2323 393 2395 illos
420 2315 589 2390 infantes,
618 2315 675 2409 qui
698 2317 731 2381 in
756 2338 848 2382 urrro
872 2315 921 2384 vel
941 2342 1016 2388 ante
1036 2322 1194 2393 ollarum
1238 2240 1435 2388 ictuantibus
1449 2341 1605 2412 precepta
1619 2322 1842 2388 comminatur
1857 2333 2005 2387 mortem.
2024 2318 2116 2410 Ergo

241 2467 252 2491 .
319 2422 406 2493 diem
435 2417 647 2489 moriuntur,
672 2415 966 2484 acomminatione
996 2419 1047 2487 illa
1073 2417 1192 2490 liberos
1238 2439 1278 2484 ex
1306 2418 1560 2484 comminatione
1594 2413 1829 2491 circumcisioni
1857 2412 1971 2486 addita
2004 2432 2112 2509 patet,

313 2514 409 2599 esse,
441 2514 655 2585 indubitanter
687 2513 973 2607 pronunciemus,
1008 2542 1082 2586 eum
1117 2535 1192 2587 ante
1236 2510 1820 2613 quodcirrumeiliolitprsecepmm.
1866 2515 1965 2611 Atqui
1984 2536 2114 2582 annon

317 2622 404 2691 diem
426 2618 578 2684 obierum
595 2612 716 2681 nemini
734 2603 879 2679 conferri
891 2609 1036 2685 debuerit
1051 2618 1190 2687 circum·
1236 2608 1296 2708 ipsr
1322 2606 1479 2706 baptismo
1497 2615 1530 2682 iu
1551 2636 1629 2687 nov.
1647 2613 1717 2685 tesi.
1739 2616 1953 2685 comminatio
1978 2612 2113 2682 addita?

316 2716 414 2809 cilio:
439 2711 524 2804 (alin
549 2727 656 2781 tamen
673 2710 753 2776 ratio
781 2703 825 2776 esl
848 2703 1030 2787 infantum,
1055 2718 1112 2809 qui
1133 2739 1190 2783 na.
1235 2735 1276 2779 art
1294 2735 1361 2779 non
1378 2706 1638 2805 promissionibus
1653 2717 1797 2782 maxime
1812 2713 2004 2802 evangelicis
2017 2720 2111 2783 citct-

314 2811 444 2887 scuntut
459 2838 496 2884 ex
512 2805 683 2906 aposlatis,
709 2801 886 2876 Israeliricae
909 2808 1075 2908 religionis
1093 2820 1128 2885 ἀ
1143 2808 1191 2882 sa·
1233 2806 1387 2893 &triade
1406 2813 1619 2881 comminatio
1633 2809 1780 2882 additur?
1794 2811 1865 2895 Job.
1880 2809 1945 2884 lli.
1965 2818 2020 2883 36.
2042 2813 2111 2903 Qui

315 2915 472 2984 crementi
494 2910 586 2999 hujus
611 2902 894 2984 eontemtoribus,
921 2905 966 2979 illi
990 2915 1095 2995 enim,
1112 2915 1187 3010 quia
1233 2933 1297 2978 raon
1321 2912 1419 2979 credit
1443 2912 1476 2977 in
1495 2909 1650 2997 Filium,
1673 2935 1738 2981 non
1760 2912 1877 2981 videbit
1909 2913 2032 2985 vitam,
2049 2910 2111 2999 sid

314 3016 381 3105 jam
406 3003 567 3108 apopulo
593 3006 654 3076 Dei
679 2997 798 3072 abl'cillr
819 3028 930 3081 erant,
957 3006 1032 3078 ideo
1053 3007 1186 3081 illorum
1232 3010 1284 3077 iro
1304 3009 1372 3077 Dei
1395 3020 1502 3078 maret
1513 3006 1742 3102 strperrpfierrr.
1766 3009 1869 3091 rJoln
1888 3007 1929 3077 V.
1954 3030 2006 3078 ta.
2042 3010 2111 3101 Qui

313 3105 528 3181 incircumcisi
550 3100 670 3199 parvuli
689 3100 869 3173 infidelium
892 3105 1059 3200 gentilium
1081 3106 1186 3179 liberis
1231 3131 1295 3176 raon
1310 3107 1557 3181 bobetFilitem,
1580 3132 1644 3178 nora
1661 3108 1752 3178 babel
1768 3111 1887 3177 vitata:
1914 3110 2024 3203 ecquis
2050 3132 2110 3176 ve.

312 3205 432 3279 ssmiles
449 3203 587 3279 redditi,
612 3219 648 3269 ut
664 3217 774 3269 monet
790 3200 939 3273 Hunnius
956 3208 1048 3280 trabi.
1074 3205 1117 3277 de
1135 3203 1189 3286 sa··
1232 3229 1270 3277 ro
1288 3203 1430 3279 diceret.
1455 3203 1505 3276 vel
1525 3199 1673 3301 baptismi
1691 3206 1946 3280 sttcrameorum,
1961 3204 2010 3275 vel
2028 3229 2109 3299 pro·

312 3331 415 3377 cram,
433 3330 506 3402 cap.
528 3327 559 3372 a.
580 3326 614 3397 q.
641 3320 694 3377 ις.
745 3300 824 3400 Qrae
839 3304 949 3372 omnia
971 3310 1116 3399 quamvis
1137 3310 1180 3374 ita
1231 3301 1395 3375 missiones
1417 3303 1612 3399 evangelicas
1634 3304 1674 3375 ad
1699 3305 1803 3401 legem
1832 3307 1961 3401 proprie
1990 3301 2035 3374 fic
2060 3305 2108 3374 di·

310 3400 515 3479 brabant,
541 3412 649 3471 nmnet
664 3398 791 3468 interim
812 3403 860 3469 vis
875 3407 1076 3496 argumenti,
1093 3402 1183 3501 quod
1230 3404 1315 3473 stam
1370 3405 1506 3473 rtineret
1529 3405 1605 3501 Qto
1616 3397 1705 3475 sensu
1719 3412 1754 3476 dt
1769 3398 1915 3500 respesiu
1927 3396 2108 3474 sacramen·

308 3500 406 3579 secuti
422 3498 633 3599 Augustinum
654 3519 691 3566 ex
709 3496 774 3565 hoc
795 3496 870 3568 loco
884 3498 1044 3572 ducimus.
1096 3503 1180 3601 Qia
1230 3521 1260 3571 ta
1283 3427 1537 3596 resdiripossmt
1563 3502 1605 3571 ad
1635 3521 1791 3598 precepta
1809 3553 1823 3581 ,
1848 3499 2051 3597 exposuimus
2072 3508 2106 3574 in

309 3598 564 3674 contemtoribus
586 3592 839 3666 circumcisionis
861 3602 1080 3671 comminatur
1091 3603 1182 3672 Deus
1227 3599 1319 3671 tradi.
1338 3598 1380 3669 de
1397 3597 1518 3696 legibus
1531 3625 1691 3672 ceremon.
1708 3607 1734 3690 i.
1756 3624 1809 3672 ιι.
1836 3602 1996 3670 Ceterum
2010 3603 2107 3697 quod

306 3700 500 3792 deletionem
514 3721 553 3770 ex
570 3694 708 3792 populo:
732 3718 813 3793 ergo
837 3696 1039 3767 eircumcifio
1061 3697 1186 3770 esl'sa-¹
1228 3698 1434 3771 liellbrminus
1458 3699 1554 3771 rerba
1579 3704 1866 3770 comminationis:
1887 3702 2006 3791 peribit
2032 3706 2105 3772 oni-

306 3794 408 3876 sutar'e
436 3798 602 3870 medium,
629 3816 687 3889 per
713 3793 803 3889 quod
826 3798 859 3861 in
884 3792 1044 3891 populum
1063 3795 1185 3870 Dei-dt.
1227 3799 1632 3893 maejurdepoptesostro,
1658 3795 1889 3869 tantummodo
1911 3794 1953 3868 de
1973 3816 2105 3897 tempo·

306 3896 411 3969 soedus
440 3904 550 3993 gratiae
580 3889 666 3962 fabia
691 3887 752 3961 suit
775 3896 932 3988 receptio.
981 3898 1051 3985 At,
1076 3901 1180 3994 inquit
1229 3895 1284 3967 rasi
1309 3896 1413 3992 aliqua
1441 3922 1557 3993 poena,
1584 3922 1653 3970 non
1670 3921 1775 3967 aurem
1796 3896 1837 3966 de
1856 3915 1963 3966 morte
1984 3917 2103 3971 aeterna

304 3995 538 4077 bellarminus,
564 3992 673 4062 millies
688 3993 782 4061 Deras
797 3994 944 4061 minatur
963 3991 1096 4064 mortem
1115 4020 1180 4065 non
1227 3993 1396 4092 intelligit.
1421 3999 1454 4089 in
1469 4022 1510 4067 eo
1525 3996 1665 4092 sequitur
1681 3994 1847 4065 Rabbinos
1862 3998 1941 4082 (¹⁶),
1954 4022 2103 4093 quorum

294 4098 504 4192 fiwontibur
513 4103 709 4188 praerepto:
736 4115 813 4188 ergo
833 4092 1020 4188 eircumriſso
1029 4094 1104 4188 fuit
1116 4094 1177 4188 fit-
1225 4091 1324 4191 aliqui
1347 4118 1404 4192 per
1426 4097 1725 4166 exterminationem
1750 4089 1931 4188 intelligunt
1954 4119 2101 4167 mortem

302 4198 463 4266 lummodo
472 4195 847 4290 praeceptamqtsoddam
858 4192 1069 4263 ceremoniale.
1081 4189 1177 4289 Resp.
1225 4213 1452 4290 praematuram
1472 4218 1548 4265 ante
1570 4216 1697 4289 tempus
1719 4191 1920 4288 legitimum,
1946 4192 2101 4267 videlicet

302 4300 469 4365 imovero
486 4289 725 4363 sacramentum
741 4282 834 4356 suita
851 4287 982 4385 reliquis
999 4288 1111 4387 liguris
1131 4289 1177 4362 le··
1223 4314 1300 4362 anre
1317 4317 1437 4361 annum
1459 4317 1512 4371 52.
1533 4292 1668 4388 quidam
1684 4283 1761 4363 vero
1772 4286 1968 4384 deletionem
1989 4295 2100 4365 nomi·

300 4388 424 4488 gadibus
436 4390 655 4474 disliudtum,
675 4383 917 4482 quodtestarur
940 4387 1110 4481 promillio
1130 4394 1175 4460 ei·
1223 4392 1271 4460 oia
1287 4395 1320 4461 dt
1335 4392 1541 4487 posteritatis,
1554 4389 1608 4462 sed
1623 4398 1658 4461 dt
1676 4391 1852 4482 veritati&
1869 4386 1927 4461 fibi
1941 4390 2002 4487 ipsr
2017 4419 2099 4463 con·

302 4496 378 4563 dem
401 4490 521 4565 addita.
572 4490 762 4582 Repetimus
779 4509 874 4582 ¹ergo
898 4485 1007 4557 denuo
1027 4488 1175 4560 collatio·
1222 4487 1370 4571 tradioit;
1395 4491 1490 4569 illud,
1516 4494 1590 4588 quia
1603 4481 1879 4588 transgressoribus
1897 4492 1981 4587 paesi
1994 4487 2096 4562 divini

340 4772 357 4841 l
363 4771 414 4845 bl)
435 4770 509 4831 Sunt
532 4763 997 4842 tameninteeipsos1Rabbinos
1018 4768 1174 4835 nonnulli,
1321 4768 1372 4829 alii
1388 4767 1544 4829 orbitatem
1561 4808 1570 4834 ,
1590 4786 1648 4845 qua
1666 4768 1719 4834 lit,
1740 4782 1774 4825 ut
1794 4786 1903 4827 nomen
1925 4767 2092 4851 exstingua-

398 4852 675 4917 liatuentes,eorum
689 4848 820 4913 animos,
833 4848 884 4927 qui
902 4848 1170 4924 spontoincircum·
1320 4865 1386 4915 rur,
1398 4848 1462 4908 heic
1478 4845 1632 4928 fignificari
1644 4848 1758 4907 coissent
1787 4844 1857 4908 Vid.
1873 4848 2024 4915 Creme
2035 4867 2093 4915 UM

316 4931 318 4936 ’
399 4930 446 4991 cili
462 4949 514 5006 per
529 4929 674 5010 integram
691 4929 783 4987 viram
801 4926 987 4994 mansilium,
1007 4929 1070 4988 vita
1089 4945 1170 4986 arer-
1316 4927 1350 4988 iu
1364 4948 1504 4993 commnt-
1516 4931 1553 4991 ad
1567 4927 1665 4991 Geirei.
1683 4925 1780 4995 XVII.
1799 4944 1839 5002 14·

310 5032 317 5050 ·
396 5030 435 5077 nr
451 5005 577 5071 excludi.
608 5007 668 5069 atti
681 5023 779 5070 tamen
799 5026 1004 5086 premeremur
1020 5025 1145 5069 mortam
1154 5023 1167 5075 ς
1339 5008 1344 5017 “
1628 5047 1631 5052 -
