4900 5809
777 342 845 417 ro.
871 331 1008 419 mro.
1034 293 1268 418 courir,
1288 333 1609 435 rnnertrro.
1701 343 1706 354 ·

422 538 501 644 De
526 533 668 668 serie,
706 577 839 650 nexu
859 574 1006 687 atque
1023 541 1232 666 ordine,
1266 573 1418 686 quem
1441 538 1492 646 in
1515 519 1868 679 permutandis
1889 524 2105 650 retitui.-

305 754 396 862 bus
426 755 606 866 divinis
636 757 822 872 secutus
848 762 918 872 est
941 761 988 876 b.
1018 766 1228 893 aanor,
1264 797 1366 870 non
1399 797 1526 910 opus
1563 753 1655 868 effe
1691 754 2019 894 arbitramur,
2056 783 2107 864 ut

305 985 577 1132 quidquam
597 987 709 1095 heic
734 1025 1206 1105 commemoremus..
1238 990 1494 1120 Consulat,
1508 992 1602 1140 qui
1628 988 1733 1096 hac
1754 984 1965 1132 penitius
1981 973 2114 1126 noffp

306 1214 552 1343 voluerit,
589 1217 864 1356 conspertum
895 1227 1140 1357 capitum,
1170 1223 1424 1363 serianum
1462 1237 1521 1341 &³
1554 1241 1870 1329 contentorum
1895 1215 1948 1320 in
1967 1233 2111 1330 tomo

305 1444 404 1550 hoc
439 1442 623 1552 otbavo
658 1447 1057 1576 occurrentium,
1096 1484 1276 1594 quem,
1297 1483 1435 1554 more
1460 1441 1715 1573 consueto,
1749 1446 1801 1550 in
1838 1439 1947 1549 fine
1970 1437 2113 1592 huius

311 1661 578 1781 voluminis
601 1669 664 1778 ad
691 1669 888 1781 lectoris
907 1709 1111 1819 operam
1131 1670 1480 1786 sublevandam
1502 1668 1781 1780 adiecimus.

429 2019 506 2124 Ex
545 2015 724 2123 eodem
758 2024 986 2163 consperto
1026 2017 1315 2168 perspicient
1341 2055 1539 2167 quoque
1573 2015 1805 2172 lebiores,
1843 2042 2117 2161 quaenama

172 2336 174 2342 .
312 2243 455 2352 nobis
495 2248 654 2357 textui
688 2244 1029 2357 Gethardiano
1050 2217 1243 2396 passim
1269 2244 1495 2402 subiebiae
1526 2244 1709 2358 fuerint
1737 2227 2119 2349 animadversio·

314 2510 425 2598 nes,
440 2447 564 2581 uarii
594 2477 786 2624 generis
804 2478 1105 2628 argumentis
1123 2445 1317 2585 uberius
1337 2471 1624 2582 illustrandis
1644 2461 1955 2582 inservientes
1962 2465 2120 2612 {qua-

321 2702 437 2808 rum
457 2732 772 2811 momentum
788 2701 893 2810 aliis
914 2702 1283 2813 diiudicandum
1310 2698 1644 2848 relinquimus.
1713 2679 1717 2684 ¹
1776 2679 1779 2684 ⁵

432 3079 547 3186 Hoc
567 3080 769 3191 unicum
794 3081 1029 3193 duntaxat
1050 3087 1212 3232 paucis
1232 3084 1515 3209 adiicimus,
1534 3120 1644 3212 nos,
1667 3078 1845 3187 fiDeus
1861 3074 2019 3185 vitam
2047 3075 2121 3186 vi·

317 3340 490 3450 resque
525 3281 806 3417 conceiserit
839 3308 1212 3459 benignissime,
1244 3347 1452 3421 omnem
1478 3311 1672 3418 daturos
1703 3338 1935 3453 operam,
1972 3331 2030 3408 ut
2061 3306 2121 3409 bc

318 3525 493 3677 reliqui
518 3531 743 3641 locorum
780 3536 1177 3681 theologicorum
1203 3540 1364 3670 tomi,
1403 3532 1972 3684 abietiaucunttatione„
1988 3505 2135 3636 litte·-

322 3741 385 3847 ris
406 3729 753 3876 describantur

2087 3931 2097 3974 Ι

425 4092 589 4233 Atque
622 4091 850 4229 itavale,
888 4097 1162 4208 LECFOR
1198 4097 1601 4223 BENEVOLF,
1636 4089 1874 4241 nobisque
1893 4126 1987 4202 nec
2021 4131 2125 4208 non

321 4286 488 4399 studiis
508 4295 680 4402 nostris
706 4334 854 4447 porro
872 4292 1002 4413 fave.

440 4674 725 4846 Scripfimus
761 4671 1010 4822 Tubingae
1045 4670 1127 4778 die
1163 4667 1270 4776 XII.
1306 4663 1582 4809 Septembr.
1629 4673 1742 4780 anni
1782 4672 2035 4784 christiani
2071 4683 2078 4694 '

1035 4862 1456 4975 MDCCLXVIII.
1943 4877 1949 4888 '
1994 4859 1997 4864 ’
2073 4889 2076 4894 ·

1929 5017 2134 5118 LOCUS
