4900 5809
338 353 413 429 22⁶
976 431 982 440 ,
1021 344 1149 417 noer
1180 345 1283 422 arx,
1307 345 1431 417 cto..
1460 345 1556 418 tv.-

341 520 551 621 Respondent
573 521 759 595 Alexander
777 528 810 594 &
829 520 1042 611 Thomas,in
1068 526 1120 594 illo
1138 503 1215 620 castr*
1263 519 1418 621 ptismum
1434 519 1682 597 administrarit,
1698 515 1751 594 sed
1771 547 1846 594 cum
1865 519 2063 621 intelligeret
2071 517 2138 596 'for-

335 624 543 719 piefitpponi
558 619 663 720 posse,
677 623 750 721 Jlne
760 624 961 720 praejatlitio
978 637 1106 701 tamen,
1128 629 1213 718 qaod
1262 645 1351 694 mam
1374 621 1581 691 institutionis
1605 614 1698 692 fuisso
1725 616 1925 692 observatam
1942 669 1958 697 ,
1987 619 2138 715 judicavit

331 722 485 817 sanamus
499 720 653 814 steterant
665 720 846 814 Jitppleat,
873 723 959 816 quod
978 722 1083 814 deficit
1097 722 1214 815 statro-
1261 718 1381 816 absque
1410 717 1552 788 ulteriori
1569 717 1772 810 inquisitione
1790 714 1985 814 baptismum
2010 715 2073 791 else
2093 743 2138 789 ra·

339 831 458 890 meato.
505 821 548 886 Et
573 817 661 887 addit
687 817 777 888 niel:
800 819 854 888 ltoc
873 818 1003 912 ejllrne
1022 826 1213 900 notandam,
1262 840 1341 887 tum.
1378 820 1431 887 Sic
1451 820 1537 884 anim
1554 812 1701 886 Rnffinus
1723 815 1881 887 locutu.
1906 816 2138 911 Ille(Alexan-

304 958 308 966 =
339 921 415 1012 qaia
431 945 439 985 t
444 910 473 1006 ll
486 917 575 985 ualde
590 916 842 1009 conſstlatoriurn.
893 914 954 985 Set
973 942 1151 1013 quatenon
1165 943 1216 989 rc·
1260 912 1337 1000 der)
1363 918 1528 1009 diligenter
1557 915 1721 1005 inquirens
1746 918 1786 984 ab
1806 915 1876 991 lais,
1902 918 1959 1009 qai
1978 918 2137 1005 baptizati

339 1019 441 1086 tinent
457 1019 476 1109 (
485 1014 745 1107 aitJCltemnitios
761 1019 793 1083 in
816 1038 917 1085 exam.
932 1014 1048 1087 concil.
1062 1014 1214 1085 Trident.
1260 1016 1466 1087 dicebantur,
1494 1014 1570 1107 qnid
1587 1014 1780 1109 interrogati
1790 1013 1945 1108 suerint,
1961 1016 2081 1108 quidne
2093 1037 2136 1082 rr·

294 1169 300 1182 .
338 1129 421 1209 part.
440 1114 480 1181 ll.
500 1135 573 1208 cap.
593 1112 632 1181 de
649 1112 789 1201 intent.)
804 1136 877 1182 veta
900 1109 1111 1183 sundamenta
1137 1139 1214 1184 con·
1249 1112 1466 1206 sponderent,
1490 1108 1585 1207 fintal
1598 1108 1646 1183 ἐφ’
1662 1115 1702 1179 ab
1717 1135 1772 1188 eo,
1789 1114 1847 1206 qai
1860 1115 2134 1208 interrogaverat,

309 1221 312 1228 '
338 1208 513 1284 solationis,
531 1234 565 1280 ut
579 1204 697 1278 scilicet
715 1214 828 1280 vetitas
848 1205 1122 1281 sacramentorum
1136 1211 1215 1280 alli·
1235 1248 1237 1252 >
1259 1211 1313 1278 ata
1328 1208 1596 1302 videtfienntlam
1619 1210 1782 1305 religionis
1797 1209 1926 1305 nostrae
1939 1213 2048 1280 ritum
2065 1233 2135 1279 can·

338 1324 445 1381 matut
461 1330 529 1376 non
545 1331 583 1377 ex
598 1304 735 1375 minillri
753 1311 872 1376 incerta
885 1311 1080 1394 intentione,
1107 1305 1159 1380 sed
1175 1335 1214 1378 ex
1261 1308 1312 1379 tta
1328 1308 1488 1403 constare,
1513 1304 1691 1376 conlocatas
1710 1332 1779 1378 caete
1804 1309 1931 1378 conciso
1954 1308 2136 1377 clericorum

336 1406 469 1477 veritate
487 1411 521 1475 ὅ(
555 1402 726 1474 artitudine
746 1402 860 1473 diviua
882 1401 1099 1477 institutionis.
1148 1405 1215 1476 nd·
1248 1403 1396 1503 flataiffie
1424 1408 1591 1491 traditor,
1613 1405 1675 1476 illis
1699 1409 1818 1499 quibat
1841 1407 1977 1502 integris
2001 1409 2136 1475 interro·

337 1500 418 1573 dunt
435 1523 557 1572 tamen.
574 1501 1155 1599 fisannmtssaeertlosttonsappleat
1179 1508 1216 1572 il·
1255 1506 1441 1601 gationilas
1465 1503 1511 1575 Εἴ
1531 1502 1779 1597 responstonilms
1800 1528 1889 1599 aqua
1905 1505 2031 1597 fuerat
2053 1504 2134 1597 infa-

337 1601 414 1677 lau,
438 1626 502 1670 non
519 1597 603 1695 posse
621 1598 763 1690 accusari
785 1604 928 1669 diuinam
945 1600 1213 1696 justitiam,·et-
1250 1603 1329 1696 sie,
1357 1606 1471 1672 iterari
1492 1600 1683 1693 stanislaum
1712 1627 1776 1671 non
1803 1607 1921 1672 debere.
1971 1603 2134 1671 Caeterum

336 1701 429 1795 iarnſs
440 1702 581 1791 ptarvttlo
605 1700 774 1790 baptizato
786 1699 860 1796 fine
880 1699 1015 1792 ministri
1042 1703 1214 1771 intentione
1257 1698 1349 1794 quod
1372 1699 1412 1768 ad
1432 1700 1574 1768 nostram
1594 1695 1781 1770 sententiam
1799 1701 1933 1776 attinet,
1959 1697 2133 1792 jocularem

335 1821 399 1868 non
421 1800 568 1866 remittat
579 1808 722 1889 peccata.
1259 1803 1294 1869 ἀ
1309 1796 1464 1866 ludicrum
1479 1794 1669 1892 baptismum
1688 1821 1890 1894 nequaquam
1906 1820 1971 1893 pto
1985 1796 2132 1891 legitimo

1257 1894 1430 1970 habemus,
1457 1898 1483 1965 is
1511 1897 1597 1963 enim
1626 1891 1801 1990 baptismus
1828 1893 2044 1989 probandus,
2079 1897 2132 1991 qui

333 2053 402 2115 M
656 1987 695 2088 ἦ.
737 1989 887 2067 XXXV.
923 1989 1213 2077 Quemadmodum
1256 1991 1868 2087 cuminllitutioneChrillicongruit3
1893 2000 2131 2082 jamverottr-

305 2068 557 2193 'dlixffgfzfem
607 2108 714 2157 autem
744 2082 913 2180 scriptura,
940 2093 981 2158 ita
1005 2115 1213 2187 quoquepu-
1257 2105 1327 2157 tum
1344 2089 1407 2172 etl,
1431 2088 1598 2166 a,Chrillo
1614 2115 1653 2158 ne
1679 2115 1820 2185 unquam
1837 2088 2016 2167 ludicram,
2044 2099 2130 2182 jocu-

374 2210 505 2287 mt'natri.
607 2188 673 2255 rior
699 2188 871 2279 antiquitas
898 2190 1025 2281 ignorat
1049 2188 1135 2257 illam
1160 2186 1214 2257 di·
1257 2184 1359 2257 larem
1382 2187 1632 2266 &ridiculam⁹
1656 2116 1713 2256 sad
1735 2183 2129 2281 reiigiosthanCtam

608 2281 841 2379 sputationem,
867 2281 957 2377 quod
983 2283 1024 2353 ad
1042 2287 1210 2381 integrita·
1256 2282 1408 2376 baptismi
1422 2284 1732 2354 administrationem
1752 2287 1787 2351 io
1810 2282 1937 2355 ecclesia
1954 2285 2128 2354 inslitutam

332 2404 401 2460 tem
422 2379 610 2454 sacramenti
627 2375 798 2452 necessaria
815 2377 854 2450 lit
877 2379 948 2451 talis
966 2384 1100 2455 intentio
1116 2385 1212 2454 mini·
1254 2376 1329 2453 else.
1354 2385 1544 2478 Augustinus
1567 2380 1638 2458 libe.
1669 2383 1739 2450 Vll.
1766 2381 1807 2451 de
1830 2382 1850 2450 b
1894 2376 1993 2452 tismo
2021 2402 2128 2454 contra

331 2484 408 2571 ssri,
431 2507 501 2578 quae
518 2476 663 2575 respiciat
679 2503 746 2548 non
761 2472 867 2546 solum
878 2479 980 2574 ipsum
997 2482 1105 2549 aslum
1133 2506 1210 2550 con·
1256 2482 1415 2551 Donatist.
1430 2506 1502 2576 cap.
1524 2502 1577 2557 53.
1593 2497 1703 2549 movet
1719 2480 1775 2548 hes
1792 2483 1862 2573 qua
1890 2484 1996 2552 iones:
2026 2486 2078 2566 a.)
2096 2483 2128 2551 Si

331 2580 458 2652 ferendi
480 2579 693 2661 sacramenta,
721 2584 805 2667 juxta
826 2572 967 2645 formant
985 2579 1209 2655 institutionis,
1256 2583 1326 2673 qais
1339 2581 1530 2673 fallaciter,
1554 2577 1610 2647 ltoc
1633 2576 1698 2672 est,
1723 2581 1829 2648 attineo
1851 2578 2008 2676 statnlato
2029 2583 2063 2649 in
2085 2604 2128 2651 ec·

330 2677 384 2751 sed
405 2700 475 2774 quae
489 2674 633 2773 respiciat
647 2680 744 2743 etiam
759 2671 859 2741 finem
874 2669 1082 2753 sacramenti,
1096 2693 1131 2742 ut
1151 2674 1208 2745 sci·
1255 2679 1342 2775 clefia
1357 2680 1493 2769 aerisaut
1508 2673 1729 2768 baptismam?
1758 2675 1825 2762 a.)
1839 2680 1957 2767 Siquis
1972 2683 2008 2745 in
2025 2682 2127 2747 ritino·

329 2776 405 2847 licet
422 2774 567 2845 miniller
578 2775 756 2841 intentione
778 2766 829 2838 sun
851 2769 926 2840 illud
937 2770 1004 2842 lieri
1020 2773 1114 2847 uelit,
1133 2797 1208 2866 pro·
1254 2776 1404 2869 rntnfide
1418 2772 1580 2867 accipiat?
1623 2771 1687 2862 3.)
1704 2774 1738 2840 Si
1756 2777 1827 2865 qais
1843 2768 1883 2842 ab
1897 2798 1960 2863 eo,
1984 2781 2042 2870 qai
2065 2801 2126 2844 non

328 2891 402 2972 pter
423 2870 511 2968 quod
534 2857 760 2940 atramentum
779 2867 953 2936 inllitutum
976 2869 1042 2962 ett;
1068 2871 1132 2938 hoc
1147 2870 1208 2939 do·
1254 2872 1514 2966 maminotus,
1535 2869 1896 2965 attipiatbaptifiaam?
1925 2871 1990 2960 a.)
2009 2873 2045 2944 Si
2057 2887 2125 2943 tra·

275 2995 277 2998 ·
328 2996 406 3069 gnta
424 2995 491 3040 non
507 2968 609 3039 solum
622 2962 800 3063 scripturis,
816 2960 868 3035 sad
885 2971 1053 3056 &puriori
1070 2972 1207 3062 antiqui·
1254 2974 1330 3041 dent
1346 2971 1585 3063 baptismatum
1601 2969 1889 3066 ecelesiasallace'ter
1902 2984 2005 3065 agat:
2032 2972 2072 3041 Et
2085 2971 2126 3042 de

182 3097 185 3104 ’
285 3085 287 3090 ’
326 3073 384 3139 tati
406 3073 556 3164 ignotum
584 3063 647 3150 etl,
680 3068 801 3160 qnippe
820 3065 909 3157 cujus
935 3089 1086 3161 perpetua
1114 3070 1206 3136 axio·
1253 3067 1303 3140 his
1324 3066 1759 3166 quaestionibussugnllinos
1780 3070 1922 3163 primum
1948 3072 2123 3140 inultam·

306 3211 308 3217 ·
326 3191 413 3239 mata
425 3169 491 3237 haec
501 3160 587 3234 sunt:
600 3168 880 3234 Sacramentarum
893 3168 1058 3233 veritatem
1073 3189 1135 3233 non
1145 3170 1205 3235 niti
1253 3191 1316 3261 que
1334 3191 1458 3263 partem
1472 3162 1631 3259 disputat,
1652 3168 1695 3234 ita
1710 3166 1795 3235 enim
1814 3168 1935 3258 inquit:
1949 3169 2008 3237 An
2022 3193 2124 3262 quan·

325 3268 489 3350 moritus,
500 3262 572 3357 fiale
590 3261 636 3335 Εἴ
652 3261 808 3355 qtttelitate
824 3261 979 3353 ntinissri,
995 3262 1056 3355 sea'
1076 3264 1142 3332 Da·
1158 3267 1206 3332 in·
1254 3281 1324 3335 tant
1336 3270 1379 3333 ad
1392 3266 1472 3357 ipsos
1486 3268 1610 3357 quidem
1625 3264 1764 3333 leontiaes
1787 3266 1921 3339 attinet,
1941 3266 2124 3357 plurimam

215 3365 217 3370 ’
314 3364 504 3461 flitaliene;
523 3362 747 3455 qrtalistttnqne
750 3358 794 3452 ſst
809 3359 947 3451 minister
961 3363 1119 3434 exterior,
1142 3357 1206 3429 De·
1251 3363 1345 3455 dssat
1369 3367 1453 3430 inter
1474 3385 1568 3435 entre,
1595 3364 1650 3455 qai
1660 3359 1730 3453 fide
1751 3360 1944 3453 baptismum
1963 3367 2079 3456 accipit
2102 3392 2124 3435 a

324 3487 380 3529 nm
397 3472 502 3529 lateran
517 3455 571 3552 ffe
595 3458 777 3524 interiorem
798 3468 1016 3547 operatorem
1038 3482 1101 3525 non
1113 3482 1201 3526 nore·
1252 3464 1370 3546 ntimo,
1398 3457 1444 3531 ss
1458 3464 1512 3551 qni
1528 3459 1796 3557 animostmalato
1816 3459 1849 3527 e'n
1867 3461 1986 3557 reitesta
2006 3464 2123 3558 baptff·

324 3583 360 3627 re
388 3553 567 3650 minfirntn
595 3556 736 3635 molam,
760 3555 813 3621 nbi
837 3552 997 3641 bonusest
1026 3555 1202 3625 Dominus.
1251 3581 1339 3626 mnan
1362 3559 1494 3650 occiput,
1521 3562 1563 3625 aa
1583 3559 1678 3653 ipsius
1696 3569 1803 3626 antem
1816 3556 2019 3648 samaritenti
2045 3565 2122 3632 inle-

324 3659 534 3727 Satrantento
558 3648 664 3744 confici
681 3648 817 3743 aonfitle
840 3657 975 3740 arentis,
1000 3653 1200 3721 uelatlmint'-
1246 3659 1403 3751 gritalent
1420 3656 1499 3724 niltil
1516 3654 1650 3747 interest.
1701 3653 1735 3722 Si
1749 3658 1831 3724 enine
1852 3657 1932 3725 nillil
1946 3658 2033 3752 adest
2045 3708 2058 3733 ,
2073 3663 2120 3729 in·

312 3755 484 3851 strantin
493 3753 554 3845 secl
569 3753 670 3820 urrlns
686 3749 836 3818 nonoris.
875 3754 1073 3821 sozomenus
1089 3750 1140 3819 lib.
1156 3753 1200 3826 Is.
1249 3751 1342 3845 ranst
1358 3758 1402 3821 ael
1423 3756 1641 3846 integritatem
1659 3755 1854 3822 ‘arraraenti
1869 3756 1903 3821 in
1918 3752 1991 3846 ipfie
2014 3757 2120 3828 callo·

322 3878 390 3943 cap.
419 3859 471 3920 16.
486 3844 638 3919 Rullinus
653 3847 704 3915 lib.
718 3847 744 3919 Ι.
758 3870 825 3941 cap.
848 3871 899 3922 ¹4·
919 3850 1123 3943 Nicephorus
1145 3850 1198 3921 lib.
1247 3852 1326 3928 lira,
1352 3862 1461 3919 atrum
1482 3832 1515 3919 id
1528 3853 1649 3943 aliquid
1648 3849 1817 3946 fallaciter
1838 3875 1882 3919 an
1902 3857 2062 3924 veraciter
2082 3882 2120 3925 a*

320 3948 419 4025 thl.
438 3971 508 4043 cap.
526 3971 584 4034 40.
604 3939 754 4025 raserunt,
768 3943 993 4012 abtithanatio
1007 3970 1109 4039 puero
1124 3971 1200 4041 pua·
1244 3959 1348 4044 gant,
1374 3973 1443 4016 cnm
1465 3951 1528 4018 lior
1551 3952 1633 4018 idern
1654 3951 1782 4041 utrique
1802 3962 1907 4045 agant
1921 4000 1935 4028 ,
1960 3959 2118 4046 quomodo

323 4070 374 4128 ros
395 4042 554 4140 quosdam
575 4041 824 4111 catechumenos
841 4042 874 4107 in
894 4037 971 4108 lodo
995 4043 1194 4134 baptizatos,
1246 4059 1340 4115 extra
1362 4048 1514 4143 eeclesiam
1532 4046 1652 4142 interfit
1667 4069 1731 4114 non
1748 4049 1856 4132 video,
1881 4053 2114 4141 qtaoniarnille,

320 4159 418 4237 atque
435 4140 520 4211 hunc
536 4134 725 4235 baptismum
740 4134 783 4205 ab
799 4136 983 4206 Alexandro
998 4138 1194 4212 atterendae
1245 4147 1302 4239 qui
1319 4147 1451 4238 accipit,
1477 4144 1752 4240 noastmalatione
1764 4145 1948 4235 palliatas,
1964 4147 2028 4239 sea
2045 4152 2115 4220 reli·

319 4235 479 4338 episcopo
496 4254 597 4308 ratum
613 4232 891 4324 suilsejodicatum.
905 4233 1109 4307 Bellarminus
1124 4264 1195 4309 mo·
1239 4247 1337 4339 gione
1351 4256 1498 4312 ntntatas
1522 4243 1573 4335 est.
1623 4244 1682 4310 An
1697 4241 1774 4333 plus
1792 4246 1899 4314 ualent
1926 4251 1972 4316 aa
1998 4247 2116 4342 confir·

318 4355 393 4425 ποις
419 4336 634 4435 Athanasium
659 4332 797 4430 laloiffe
818 4337 1021 4404 intrationem
1037 4359 1115 4407 uere
1128 4338 1192 4432 sa.
1242 4344 1397 4409 mandam
1423 4343 1669 4434 sacramentam
1692 4341 1909 4430 illitterata,
1932 4350 2020 4415 inter
2038 4370 2118 4442 qnae

319 4437 483 4507 tramenta
500 4437 694 4528 conterenti,
708 4434 767 4526 fiat
783 4432 928 4523 obfinem
944 4440 1106 4503 recreandi
1121 4441 1190 4506 ani·
1210 4447 1212 4452 '
1225 4443 1374 4535 agitur,
1386 4462 1483 4532 quom
1498 4443 1541 4507 ad
1541 4435 1773 4531 frustrandam
1784 4440 1830 4507 illi
1835 4441 1993 4533 fiellncer,
2006 4469 2027 4512 a
2040 4448 2111 4540 qui.

317 4559 428 4609 neten,
456 4537 510 4626 qai
528 4533 623 4600 ltttlnr
641 4556 712 4599 caat
728 4532 773 4628 fit
797 4532 987 4622 extrinsecus
1009 4534 1191 4626 assimili:-
1236 4533 1497 4632 integitur&
1519 4540 1552 4603 in
1577 4536 1690 4629 quibas
1713 4540 1846 4631 agitur,
1874 4537 1922 4611 ΘΥ
1945 4555 2057 4613 tamen
2078 4544 2113 4643 ſs

317 4631 504 4703 trantentalt'
516 4680 527 4725 ρ
543 4629 741 4722 firmamenti
760 4632 925 4696 veritatem
942 4654 1005 4697 noa
1020 4633 1191 4722 impediat:
1230 4634 1338 4727 ptfiea
1352 4638 1541 4724 prodatur,
1568 4657 1660 4701 eterno
1685 4637 1811 4726 repetit.
1864 4638 1926 4706 See
1945 4642 2035 4710 nobis
2062 4653 2112 4711 ta·

295 4731 351 4801 ·id
367 4754 441 4799 utto
458 4752 524 4797 non
539 4749 715 4821 negamus,
742 4727 869 4793 interim
887 4749 994 4794 tamen
1008 4752 1048 4796 ex
1071 4731 1129 4797 hac
1142 4732 1189 4797 hi·
1234 4730 1361 4825 tomest
1379 4732 1412 4799 in
1428 4755 1465 4799 ea
1479 4757 1543 4800 non
1553 4735 1709 4827 progredi
1723 4732 1833 4826 aliqua
1851 4739 2110 4831 temeritatefifl.

314 4831 412 4899 'lloria
430 4828 581 4920 adparet,
610 4821 823 4892 Alexandrum
847 4821 1093 4919 haudquaquam
1115 4823 1188 4896 soli·
1232 4834 1367 4909 tentiae,
1394 4854 1478 4924 paae
1495 4837 1582 4899 nullo
1596 4832 1629 4897 in
1643 4828 1793 4899 etetlolito
1809 4835 1966 4927 regionali
1983 4840 2107 4907 coneilio

297 4923 376 5026 'cite
394 4916 609 5025 inquisivisse,
633 4946 697 5019 qua
715 4922 892 4994 intentione
917 4920 1103 4996 Athanasius
1130 4926 1187 4995 ba·
1229 4930 1596 5024 capta,nalloplenario
1611 4927 2105 5028 eonclnenntaatnsomffie.

1932 5049 1945 5076 '
1995 5029 2105 5106 totta
