<?xml version="1.0" encoding="UTF-8"?>
<!DOCTYPE html PUBLIC "-//W3C//DTD XHTML 1.0 Transitional//EN"
    "http://www.w3.org/TR/xhtml1/DTD/xhtml1-transitional.dtd">
<html xmlns="http://www.w3.org/1999/xhtml" xml:lang="en" lang="en">
 <head>
  <title>
</title>
<meta http-equiv="Content-Type" content="text/html;charset=utf-8" />
  <meta name='ocr-system' content='tesseract 3.04.00' />
  <meta name='ocr-capabilities' content='ocr_page ocr_carea ocr_par ocr_line ocrx_word'/>
</head>
<body>
  <div class='ocr_page' id='page_1' title='image "./locitheologicic00cottgoog/locitheologicic00cottgoog_0444.png"; bbox 0 0 4900 5809; ppageno 0'>
   <div class='ocr_carea' id='block_1_1' title="bbox 366 305 1550 458">
    <p class='ocr_par' dir='ltr' id='par_1_1' title="bbox 366 305 1550 458">
     <span class='ocr_line' id='line_1_1' title="bbox 366 305 1550 458; baseline 0.004 -25"><span class='ocrx_word' id='word_1_1' title='bbox 366 309 414 458; x_wconf 52' lang='grc' dir='ltr'>ξύ</span> <span class='ocrx_word' id='word_1_2' title='bbox 457 381 461 388; x_wconf 89' lang='grc'><strong><em>·</em></strong></span> <span class='ocrx_word' id='word_1_3' title='bbox 505 305 507 312; x_wconf 58' lang='grc'><strong>’</strong></span> <span class='ocrx_word' id='word_1_4' title='bbox 757 305 783 326; x_wconf 66' lang='grc'><strong>“</strong></span> <span class='ocrx_word' id='word_1_5' title='bbox 970 337 1403 438; x_wconf 78' lang='lat' dir='ltr'>tocrivutenr.</span> <span class='ocrx_word' id='word_1_6' title='bbox 1437 360 1550 452; x_wconf 86' lang='lat' dir='ltr'>unt.</span> 
     </span>
    </p>
   </div>
   <div class='ocr_carea' id='block_1_2' title="bbox 257 520 2187 2408">
    <p class='ocr_par' dir='ltr' id='par_1_2' title="bbox 257 520 2187 1403">
     <span class='ocr_line' id='line_1_2' title="bbox 257 520 2153 646; baseline -0.005 -26"><span class='ocrx_word' id='word_1_7' title='bbox 257 627 261 638; x_wconf 26' lang='lat'>⁸</span> <span class='ocrx_word' id='word_1_8' title='bbox 365 572 425 646; x_wconf 87' lang='lat' dir='ltr'>per</span> <span class='ocrx_word' id='word_1_9' title='bbox 439 546 544 642; x_wconf 87' lang='lat' dir='ltr'>aliqua</span> <span class='ocrx_word' id='word_1_10' title='bbox 563 542 675 614; x_wconf 88' lang='lat' dir='ltr'>metita</span> <span class='ocrx_word' id='word_1_11' title='bbox 693 539 759 617; x_wconf 83' lang='lat' dir='ltr'>Dei</span> <span class='ocrx_word' id='word_1_12' title='bbox 776 539 878 638; x_wconf 85' lang='lat' dir='ltr'>gratia</span> <span class='ocrx_word' id='word_1_13' title='bbox 896 520 1086 637; x_wconf 78' lang='lat' dir='ltr'>adquiritur.</span> <span class='ocrx_word' id='word_1_14' title='bbox 1117 542 1176 634; x_wconf 83' lang='lat'>2.)</span> <span class='ocrx_word' id='word_1_15' title='bbox 1193 537 1234 618; x_wconf 82' lang='lat' dir='ltr'>In</span> <span class='ocrx_word' id='word_1_16' title='bbox 1281 565 1379 622; x_wconf 79' lang='lat' dir='ltr'>rum,</span> <span class='ocrx_word' id='word_1_17' title='bbox 1403 538 1540 637; x_wconf 77' lang='lat' dir='ltr'>justitia.</span> <span class='ocrx_word' id='word_1_18' title='bbox 1563 534 1697 610; x_wconf 88' lang='lat' dir='ltr'>donatio</span> <span class='ocrx_word' id='word_1_19' title='bbox 1712 536 1848 636; x_wconf 77' lang='lat' dir='ltr'>Spiritus</span> <span class='ocrx_word' id='word_1_20' title='bbox 1863 535 1985 620; x_wconf 70' lang='lat' dir='ltr'>unat.</span> <span class='ocrx_word' id='word_1_21' title='bbox 2010 531 2153 611; x_wconf 70' lang='lat' dir='ltr'>sandid-</span> 
     </span>
     <span class='ocr_line' id='line_1_3' title="bbox 367 633 2155 741; baseline 0.003 -34"><span class='ocrx_word' id='word_1_22' title='bbox 367 671 433 723; x_wconf 67' lang='lat'>20,</span> <span class='ocrx_word' id='word_1_23' title='bbox 451 641 541 741; x_wconf 85' lang='lat' dir='ltr'>quod</span> <span class='ocrx_word' id='word_1_24' title='bbox 557 640 765 709; x_wconf 82' lang='lat' dir='ltr'>bellarminus</span> <span class='ocrx_word' id='word_1_25' title='bbox 780 642 843 708; x_wconf 89' lang='lat' dir='ltr'>hoc</span> <span class='ocrx_word' id='word_1_26' title='bbox 857 636 932 708; x_wconf 87' lang='lat' dir='ltr'>loco</span> <span class='ocrx_word' id='word_1_27' title='bbox 947 656 1040 734; x_wconf 87' lang='lat' dir='ltr'>negat</span> <span class='ocrx_word' id='word_1_28' title='bbox 1060 640 1238 713; x_wconf 87' lang='lat' dir='ltr'>intercede·</span> <span class='ocrx_word' id='word_1_29' title='bbox 1284 643 1390 715; x_wconf 85' lang='lat' dir='ltr'>catio,</span> <span class='ocrx_word' id='word_1_30' title='bbox 1416 634 1495 710; x_wconf 87' lang='lat' dir='ltr'>salus</span> <span class='ocrx_word' id='word_1_31' title='bbox 1515 644 1552 711; x_wconf 79' lang='lat' dir='ltr'>dt</span> <span class='ocrx_word' id='word_1_32' title='bbox 1578 640 1648 707; x_wconf 83' lang='lat' dir='ltr'>vita</span> <span class='ocrx_word' id='word_1_33' title='bbox 1670 653 1814 732; x_wconf 76' lang='lat' dir='ltr'>eterna,</span> <span class='ocrx_word' id='word_1_34' title='bbox 1843 633 2155 736; x_wconf 70' lang='lat' dir='ltr'>intelligenda-esc,</span> 
     </span>
     <span class='ocr_line' id='line_1_4' title="bbox 261 729 2148 851; baseline -0.002 -42"><span class='ocrx_word' id='word_1_35' title='bbox 261 733 274 742; x_wconf 76' lang='grc'><em>”</em></span> <span class='ocrx_word' id='word_1_36' title='bbox 319 773 321 778; x_wconf 95' lang='grc'><strong><em>·</em></strong></span> <span class='ocrx_word' id='word_1_37' title='bbox 368 767 406 815; x_wconf 85' lang='lat' dir='ltr'>re</span> <span class='ocrx_word' id='word_1_38' title='bbox 423 737 585 832; x_wconf 85' lang='lat' dir='ltr'>quandam</span> <span class='ocrx_word' id='word_1_39' title='bbox 606 739 895 806; x_wconf 86' lang='lat' dir='ltr'>commutationem</span> <span class='ocrx_word' id='word_1_40' title='bbox 922 739 1005 806; x_wconf 88' lang='lat' dir='ltr'>inter</span> <span class='ocrx_word' id='word_1_41' title='bbox 1026 733 1170 851; x_wconf 72' lang='lat' dir='ltr'>¹gratiam</span> <span class='ocrx_word' id='word_1_42' title='bbox 1190 746 1239 834; x_wconf 84' lang='lat' dir='ltr'>ju·</span> <span class='ocrx_word' id='word_1_43' title='bbox 1283 762 1351 836; x_wconf 89' lang='lat' dir='ltr'>quo</span> <span class='ocrx_word' id='word_1_44' title='bbox 1375 731 1485 836; x_wconf 82' lang='lat' dir='ltr'>referri</span> <span class='ocrx_word' id='word_1_45' title='bbox 1501 736 1602 833; x_wconf 78' lang='lat' dir='ltr'>potes</span> <span class='ocrx_word' id='word_1_46' title='bbox 1651 731 1737 803; x_wconf 53' lang='lat' dir='ltr'>‘ista</span> <span class='ocrx_word' id='word_1_47' title='bbox 1754 734 1807 807; x_wconf 85' lang='lat' dir='ltr'>illa</span> <span class='ocrx_word' id='word_1_48' title='bbox 1822 729 1988 833; x_wconf 77' lang='lat' dir='ltr'>scripturae</span> <span class='ocrx_word' id='word_1_49' title='bbox 2007 731 2148 830; x_wconf 80' lang='lat' dir='ltr'>phrafit,</span> 
     </span>
     <span class='ocr_line' id='line_1_5' title="bbox 366 828 2175 932; baseline -0.004 -19"><span class='ocrx_word' id='word_1_50' title='bbox 366 839 566 913; x_wconf 76' lang='lat' dir='ltr'>nificauonis</span> <span class='ocrx_word' id='word_1_51' title='bbox 581 843 615 907; x_wconf 74' lang='lat' dir='ltr'>dc</span> <span class='ocrx_word' id='word_1_52' title='bbox 629 837 772 904; x_wconf 77' lang='lat' dir='ltr'>bortrinis</span> <span class='ocrx_word' id='word_1_53' title='bbox 784 828 1142 930; x_wconf 83' lang='lat' dir='ltr'>dispofitionet‚rtidcm</span> <span class='ocrx_word' id='word_1_54' title='bbox 1157 861 1236 908; x_wconf 90' lang='lat' dir='ltr'>con·</span> <span class='ocrx_word' id='word_1_55' title='bbox 1282 834 1374 932; x_wconf 89' lang='lat' dir='ltr'>quod</span> <span class='ocrx_word' id='word_1_56' title='bbox 1390 831 1565 932; x_wconf 67' lang='lat' dir='ltr'>promunt</span> <span class='ocrx_word' id='word_1_57' title='bbox 1663 836 1784 902; x_wconf 70' lang='lat' dir='ltr'>Janaan</span> <span class='ocrx_word' id='word_1_58' title='bbox 1799 832 1918 905; x_wconf 90' lang='lat' dir='ltr'>dicitur</span> <span class='ocrx_word' id='word_1_59' title='bbox 1932 831 2021 904; x_wconf 74' lang='lat' dir='ltr'>mese</span> <span class='ocrx_word' id='word_1_60' title='bbox 2030 831 2088 918; x_wconf 66' lang='lat' dir='ltr'>H</span> <span class='ocrx_word' id='word_1_61' title='bbox 2104 832 2152 906; x_wconf 81' lang='lat' dir='ltr'>se-</span> <span class='ocrx_word' id='word_1_62' title='bbox 2172 915 2175 922; x_wconf 27' lang='lat'>¹</span> 
     </span>
     <span class='ocr_line' id='line_1_6' title="bbox 366 921 2187 1031; baseline -0.004 -22"><span class='ocrx_word' id='word_1_63' title='bbox 366 937 496 1008; x_wconf 88' lang='lat' dir='ltr'>tradicit</span> <span class='ocrx_word' id='word_1_64' title='bbox 508 930 722 1009; x_wconf 79' lang='lat' dir='ltr'>scholasticis,</span> <span class='ocrx_word' id='word_1_65' title='bbox 738 955 877 1026; x_wconf 83' lang='lat' dir='ltr'>quotum</span> <span class='ocrx_word' id='word_1_66' title='bbox 900 935 1145 1026; x_wconf 83' lang='lat' dir='ltr'>pronunciatum</span> <span class='ocrx_word' id='word_1_67' title='bbox 1165 957 1238 1030; x_wconf 90' lang='lat' dir='ltr'>per·</span> <span class='ocrx_word' id='word_1_68' title='bbox 1282 933 1464 1031; x_wconf 76' lang='lat' dir='ltr'>iiefluere,</span> <span class='ocrx_word' id='word_1_69' title='bbox 1490 937 1550 1020; x_wconf 79' lang='lat' dir='ltr'>iam</span> <span class='ocrx_word' id='word_1_70' title='bbox 1565 955 1643 1001; x_wconf 82' lang='lat' dir='ltr'>uero</span> <span class='ocrx_word' id='word_1_71' title='bbox 1658 929 1793 1014; x_wconf 84' lang='lat' dir='ltr'>constat,</span> <span class='ocrx_word' id='word_1_72' title='bbox 1807 921 2150 1003; x_wconf 65' lang='lat' dir='ltr'>aeramnanianee·</span> <span class='ocrx_word' id='word_1_73' title='bbox 2179 933 2187 948; x_wconf 60' lang='lat'>⁸</span> 
     </span>
     <span class='ocr_line' id='line_1_7' title="bbox 365 1022 2151 1136; baseline -0.001 -32"><span class='ocrx_word' id='word_1_74' title='bbox 365 1051 499 1136; x_wconf 85' lang='lat' dir='ltr'>petuutn</span> <span class='ocrx_word' id='word_1_75' title='bbox 523 1033 567 1102; x_wconf 84' lang='lat' dir='ltr'>est</span> <span class='ocrx_word' id='word_1_76' title='bbox 585 1079 594 1103; x_wconf 90' lang='lat'><strong>.</strong></span> <span class='ocrx_word' id='word_1_77' title='bbox 609 1031 746 1126; x_wconf 85' lang='lat' dir='ltr'>furienti</span> <span class='ocrx_word' id='word_1_78' title='bbox 771 1029 917 1103; x_wconf 80' lang='lat' dir='ltr'>bomini,</span> <span class='ocrx_word' id='word_1_79' title='bbox 943 1033 1027 1123; x_wconf 84' lang='lat' dir='ltr'>quod</span> <span class='ocrx_word' id='word_1_80' title='bbox 1058 1034 1092 1100; x_wconf 88' lang='lat' dir='ltr'>in</span> <span class='ocrx_word' id='word_1_81' title='bbox 1112 1032 1151 1126; x_wconf 79' lang='grc' dir='ltr'><em>β</em></span> <span class='ocrx_word' id='word_1_82' title='bbox 1170 1029 1233 1124; x_wconf 77' lang='grc' dir='ltr'>ιβ,</span> <span class='ocrx_word' id='word_1_83' title='bbox 1280 1029 1365 1103; x_wconf 84' lang='lat' dir='ltr'>lestis</span> <span class='ocrx_word' id='word_1_84' title='bbox 1380 1028 1568 1102; x_wconf 70' lang='lat' dir='ltr'>hereditatis</span> <span class='ocrx_word' id='word_1_85' title='bbox 1584 1044 1698 1124; x_wconf 83' lang='lat' dir='ltr'>typum</span> <span class='ocrx_word' id='word_1_86' title='bbox 1719 1022 1822 1101; x_wconf 86' lang='lat' dir='ltr'>firille.</span> <span class='ocrx_word' id='word_1_87' title='bbox 1874 1030 1963 1124; x_wconf 78' lang='lat' dir='ltr'>Ergo</span> <span class='ocrx_word' id='word_1_88' title='bbox 1978 1027 2151 1123; x_wconf 80' lang='lat' dir='ltr'>perlue&amp;</span> 
     </span>
     <span class='ocr_line' id='line_1_8' title="bbox 365 1122 2151 1227; baseline -0.003 -25"><span class='ocrx_word' id='word_1_89' title='bbox 365 1138 479 1212; x_wconf 86' lang='lat' dir='ltr'>Deum</span> <span class='ocrx_word' id='word_1_90' title='bbox 492 1126 657 1224; x_wconf 80' lang='lat' dir='ltr'>infundere</span> <span class='ocrx_word' id='word_1_91' title='bbox 666 1129 985 1226; x_wconf 76' lang='lat' dir='ltr'>gratiam,teequtem</span> <span class='ocrx_word' id='word_1_92' title='bbox 1000 1126 1048 1201; x_wconf 64' lang='lat' dir='ltr'>&amp;t</span> <span class='ocrx_word' id='word_1_93' title='bbox 1059 1152 1237 1227; x_wconf 76' lang='lat' dir='ltr'>congruum</span> <span class='ocrx_word' id='word_1_94' title='bbox 1279 1132 1391 1199; x_wconf 87' lang='lat' dir='ltr'>vinum</span> <span class='ocrx_word' id='word_1_95' title='bbox 1412 1152 1481 1197; x_wconf 92' lang='lat' dir='ltr'>non</span> <span class='ocrx_word' id='word_1_96' title='bbox 1500 1122 1601 1197; x_wconf 88' lang='lat' dir='ltr'>solum</span> <span class='ocrx_word' id='word_1_97' title='bbox 1622 1126 1715 1217; x_wconf 82' lang='lat' dir='ltr'>hujus</span> <span class='ocrx_word' id='word_1_98' title='bbox 1741 1128 1813 1198; x_wconf 85' lang='lat' dir='ltr'>uitae</span> <span class='ocrx_word' id='word_1_99' title='bbox 1825 1128 1947 1226; x_wconf 82' lang='lat' dir='ltr'>gratia,</span> <span class='ocrx_word' id='word_1_100' title='bbox 1970 1123 2028 1197; x_wconf 88' lang='lat' dir='ltr'>sed</span> <span class='ocrx_word' id='word_1_101' title='bbox 2053 1129 2151 1196; x_wconf 77' lang='lat' dir='ltr'>etiam</span> 
     </span>
     <span class='ocr_line' id='line_1_9' title="bbox 366 1219 2150 1403; baseline -0.004 -104"><span class='ocrx_word' id='word_1_102' title='bbox 366 1228 445 1403; x_wconf 54' lang='lat' dir='ltr'>effe,</span> <span class='ocrx_word' id='word_1_103' title='bbox 468 1242 506 1299; x_wconf 87' lang='lat' dir='ltr'>ut</span> <span class='ocrx_word' id='word_1_104' title='bbox 520 1227 638 1298; x_wconf 82' lang='lat' dir='ltr'>bomini</span> <span class='ocrx_word' id='word_1_105' title='bbox 655 1230 698 1295; x_wconf 83' lang='lat' dir='ltr'>ad</span> <span class='ocrx_word' id='word_1_106' title='bbox 715 1226 860 1294; x_wconf 85' lang='lat' dir='ltr'>ultimum</span> <span class='ocrx_word' id='word_1_107' title='bbox 875 1226 1010 1314; x_wconf 85' lang='lat' dir='ltr'>uirtutis</span> <span class='ocrx_word' id='word_1_108' title='bbox 1023 1224 1109 1319; x_wconf 82' lang='lat' dir='ltr'>suae</span> <span class='ocrx_word' id='word_1_109' title='bbox 1126 1229 1236 1325; x_wconf 81' lang='lat' dir='ltr'>agenti</span> <span class='ocrx_word' id='word_1_110' title='bbox 1280 1220 1388 1296; x_wconf 84' lang='lat' dir='ltr'>sutura</span> <span class='ocrx_word' id='word_1_111' title='bbox 1406 1222 1508 1322; x_wconf 85' lang='lat' dir='ltr'>gloria</span> <span class='ocrx_word' id='word_1_112' title='bbox 1529 1219 1733 1321; x_wconf 83' lang='lat' dir='ltr'>intelligenda</span> <span class='ocrx_word' id='word_1_113' title='bbox 1749 1221 1804 1295; x_wconf 86' lang='lat' dir='ltr'>cll.</span> <span class='ocrx_word' id='word_1_114' title='bbox 1858 1230 1906 1311; x_wconf 80' lang='grc' dir='ltr'>ς.)</span> <span class='ocrx_word' id='word_1_115' title='bbox 1931 1225 2031 1296; x_wconf 85' lang='lat' dir='ltr'>Hanc</span> <span class='ocrx_word' id='word_1_116' title='bbox 2051 1225 2150 1292; x_wconf 88' lang='lat' dir='ltr'>inter·</span> 
     </span>
    </p>

    <p class='ocr_par' dir='ltr' id='par_1_3' title="bbox 406 1317 2149 1420">
     <span class='ocr_line' id='line_1_10' title="bbox 406 1317 2149 1420; baseline -0.004 -20"><span class='ocrx_word' id='word_1_117' title='bbox 406 1326 645 1419; x_wconf 83' lang='lat' dir='ltr'>eussetandum</span> <span class='ocrx_word' id='word_1_118' title='bbox 666 1324 796 1395; x_wconf 81' lang='lat' dir='ltr'>diuitias</span> <span class='ocrx_word' id='word_1_119' title='bbox 816 1324 968 1393; x_wconf 84' lang='lat' dir='ltr'>bonitatis</span> <span class='ocrx_word' id='word_1_120' title='bbox 980 1322 1065 1416; x_wconf 81' lang='lat' dir='ltr'>suae</span> <span class='ocrx_word' id='word_1_121' title='bbox 1083 1324 1160 1418; x_wconf 85' lang='lat' dir='ltr'>plus</span> <span class='ocrx_word' id='word_1_122' title='bbox 1185 1349 1238 1395; x_wconf 90' lang='lat' dir='ltr'>re·</span> <span class='ocrx_word' id='word_1_123' title='bbox 1281 1326 1494 1420; x_wconf 87' lang='lat' dir='ltr'>pretationem</span> <span class='ocrx_word' id='word_1_124' title='bbox 1520 1320 1664 1392; x_wconf 81' lang='lat' dir='ltr'>nostram</span> <span class='ocrx_word' id='word_1_125' title='bbox 1690 1319 1755 1417; x_wconf 87' lang='lat' dir='ltr'>ipse</span> <span class='ocrx_word' id='word_1_126' title='bbox 1782 1323 2002 1414; x_wconf 80' lang='lat' dir='ltr'>Hieronymus</span> <span class='ocrx_word' id='word_1_127' title='bbox 2031 1317 2149 1392; x_wconf 78' lang='lat' dir='ltr'>mulir·</span> 
     </span>
    </p>

    <p class='ocr_par' dir='ltr' id='par_1_4' title="bbox 390 1415 2151 1516">
     <span class='ocr_line' id='line_1_11' title="bbox 390 1415 2151 1516; baseline -0.002 -23"><span class='ocrx_word' id='word_1_128' title='bbox 390 1431 498 1498; x_wconf 65' lang='lat' dir='ltr'>eadat.</span> <span class='ocrx_word' id='word_1_129' title='bbox 513 1423 588 1497; x_wconf 72' lang='lat' dir='ltr'>&amp;u</span> <span class='ocrx_word' id='word_1_130' title='bbox 603 1446 667 1516; x_wconf 90' lang='lat' dir='ltr'>qua</span> <span class='ocrx_word' id='word_1_131' title='bbox 686 1419 779 1492; x_wconf 85' lang='lat' dir='ltr'>dere</span> <span class='ocrx_word' id='word_1_132' title='bbox 796 1418 927 1516; x_wconf 80' lang='lat' dir='ltr'>postea,</span> <span class='ocrx_word' id='word_1_133' title='bbox 951 1419 1007 1489; x_wconf 92' lang='lat' dir='ltr'>ubi</span> <span class='ocrx_word' id='word_1_134' title='bbox 1021 1419 1180 1492; x_wconf 81' lang='lat' dir='ltr'>Helenam</span> <span class='ocrx_word' id='word_1_135' title='bbox 1197 1421 1237 1492; x_wconf 90' lang='lat' dir='ltr'>il·</span> <span class='ocrx_word' id='word_1_136' title='bbox 1279 1439 1356 1493; x_wconf 84' lang='lat' dir='ltr'>mat.</span> <span class='ocrx_word' id='word_1_137' title='bbox 1403 1421 1456 1489; x_wconf 85' lang='lat' dir='ltr'>Sic</span> <span class='ocrx_word' id='word_1_138' title='bbox 1475 1422 1564 1492; x_wconf 85' lang='lat' dir='ltr'>enirn</span> <span class='ocrx_word' id='word_1_139' title='bbox 1586 1436 1832 1490; x_wconf 79' lang='lat' dir='ltr'>commentatur</span> <span class='ocrx_word' id='word_1_140' title='bbox 1852 1422 1887 1490; x_wconf 92' lang='lat' dir='ltr'>in</span> <span class='ocrx_word' id='word_1_141' title='bbox 1905 1417 2000 1491; x_wconf 89' lang='lat' dir='ltr'>illum</span> <span class='ocrx_word' id='word_1_142' title='bbox 2018 1415 2151 1490; x_wconf 79' lang='lat' dir='ltr'>loeutus</span> 
     </span>
    </p>

    <p class='ocr_par' dir='ltr' id='par_1_5' title="bbox 308 1511 2149 2408">
     <span class='ocr_line' id='line_1_12' title="bbox 398 1511 2146 1613; baseline -0.001 -19"><span class='ocrx_word' id='word_1_143' title='bbox 398 1549 433 1594; x_wconf 88' lang='lat' dir='ltr'>m</span> <span class='ocrx_word' id='word_1_144' title='bbox 465 1525 653 1592; x_wconf 84' lang='lat' dir='ltr'>meritorum</span> <span class='ocrx_word' id='word_1_145' title='bbox 699 1523 733 1587; x_wconf 93' lang='lat' dir='ltr'>in</span> <span class='ocrx_word' id='word_1_146' title='bbox 778 1511 983 1611; x_wconf 80' lang='lat' dir='ltr'>proscenium</span> <span class='ocrx_word' id='word_1_147' title='bbox 1028 1515 1234 1590; x_wconf 85' lang='lat' dir='ltr'>adducemur.</span> <span class='ocrx_word' id='word_1_148' title='bbox 1276 1519 1442 1592; x_wconf 78' lang='lat' dir='ltr'>Provocat</span> <span class='ocrx_word' id='word_1_149' title='bbox 1461 1519 1624 1588; x_wconf 78' lang='lat' dir='ltr'>Dominus</span> <span class='ocrx_word' id='word_1_150' title='bbox 1648 1520 1804 1588; x_wconf 84' lang='lat' dir='ltr'>eredentes</span> <span class='ocrx_word' id='word_1_151' title='bbox 1827 1521 1871 1588; x_wconf 82' lang='lat' dir='ltr'>ad</span> <span class='ocrx_word' id='word_1_152' title='bbox 1891 1517 2037 1613; x_wconf 70' lang='lat' dir='ltr'>fluuium</span> <span class='ocrx_word' id='word_1_153' title='bbox 2058 1518 2146 1593; x_wconf 66' lang='lat' dir='ltr'>Dete</span> 
     </span>
     <span class='ocr_line' id='line_1_13' title="bbox 360 1611 2149 1717; baseline -0.003 -26"><span class='ocrx_word' id='word_1_154' title='bbox 360 1621 363 1638; x_wconf 83' lang='lat'>&#39;</span> <span class='ocrx_word' id='word_1_155' title='bbox 369 1623 423 1716; x_wconf 87' lang='lat'>3.)</span> <span class='ocrx_word' id='word_1_156' title='bbox 447 1622 484 1692; x_wconf 89' lang='lat' dir='ltr'>ln</span> <span class='ocrx_word' id='word_1_157' title='bbox 497 1643 536 1689; x_wconf 90' lang='lat' dir='ltr'>eo</span> <span class='ocrx_word' id='word_1_158' title='bbox 551 1621 645 1686; x_wconf 88' lang='lat' dir='ltr'>etiarn</span> <span class='ocrx_word' id='word_1_159' title='bbox 659 1614 716 1686; x_wconf 90' lang='lat' dir='ltr'>stbi</span> <span class='ocrx_word' id='word_1_160' title='bbox 731 1612 789 1711; x_wconf 87' lang='lat' dir='ltr'>ipst</span> <span class='ocrx_word' id='word_1_161' title='bbox 804 1611 1011 1684; x_wconf 85' lang='lat' dir='ltr'>Bellarminus</span> <span class='ocrx_word' id='word_1_162' title='bbox 1029 1613 1233 1701; x_wconf 79' lang='lat' dir='ltr'>contradicit,</span> <span class='ocrx_word' id='word_1_163' title='bbox 1277 1619 1333 1713; x_wconf 82' lang='lat' dir='ltr'>qui</span> <span class='ocrx_word' id='word_1_164' title='bbox 1348 1616 1486 1712; x_wconf 85' lang='lat' dir='ltr'>repletus</span> <span class='ocrx_word' id='word_1_165' title='bbox 1500 1614 1542 1709; x_wconf 78' lang='lat' dir='ltr'>est</span> <span class='ocrx_word' id='word_1_166' title='bbox 1558 1615 1671 1709; x_wconf 84' lang='lat' dir='ltr'>nquit,</span> <span class='ocrx_word' id='word_1_167' title='bbox 1698 1614 1745 1688; x_wconf 61' lang='grc' dir='ltr'>θ’</span> <span class='ocrx_word' id='word_1_168' title='bbox 1765 1620 1858 1717; x_wconf 83' lang='lat' dir='ltr'>eujus</span> <span class='ocrx_word' id='word_1_169' title='bbox 1874 1617 2024 1710; x_wconf 80' lang='lat' dir='ltr'>impietur</span> <span class='ocrx_word' id='word_1_170' title='bbox 2036 1611 2149 1706; x_wconf 81' lang='lat' dir='ltr'>iaetifi-</span> 
     </span>
     <span class='ocr_line' id='line_1_14' title="bbox 308 1706 2149 1814; baseline -0.002 -25"><span class='ocrx_word' id='word_1_171' title='bbox 308 1749 311 1756; x_wconf 92' lang='lat'>·</span> <span class='ocrx_word' id='word_1_172' title='bbox 365 1717 456 1814; x_wconf 86' lang='lat' dir='ltr'>quod</span> <span class='ocrx_word' id='word_1_173' title='bbox 483 1718 643 1786; x_wconf 89' lang='lat' dir='ltr'>hocloco</span> <span class='ocrx_word' id='word_1_174' title='bbox 669 1710 1073 1809; x_wconf 84' lang='lat' dir='ltr'>negatreconciliationem</span> <span class='ocrx_word' id='word_1_175' title='bbox 1096 1706 1160 1784; x_wconf 85' lang='lat' dir='ltr'>elle</span> <span class='ocrx_word' id='word_1_176' title='bbox 1178 1711 1234 1785; x_wconf 89' lang='lat' dir='ltr'>de·</span> <span class='ocrx_word' id='word_1_177' title='bbox 1277 1727 1330 1787; x_wconf 86' lang='lat' dir='ltr'>tet</span> <span class='ocrx_word' id='word_1_178' title='bbox 1351 1718 1512 1786; x_wconf 84' lang='lat' dir='ltr'>ciuitatem</span> <span class='ocrx_word' id='word_1_179' title='bbox 1534 1715 1608 1784; x_wconf 90' lang='lat' dir='ltr'>Dei.</span> <span class='ocrx_word' id='word_1_180' title='bbox 1634 1712 1702 1806; x_wconf 89' lang='lat' dir='ltr'>(de</span> <span class='ocrx_word' id='word_1_181' title='bbox 1721 1713 1786 1784; x_wconf 77' lang='lat' dir='ltr'>lior</span> <span class='ocrx_word' id='word_1_182' title='bbox 1809 1713 1911 1786; x_wconf 83' lang='lat' dir='ltr'>fluvio</span> <span class='ocrx_word' id='word_1_183' title='bbox 1935 1709 2005 1812; x_wconf 85' lang='lat' dir='ltr'>ipse</span> <span class='ocrx_word' id='word_1_184' title='bbox 2029 1707 2149 1784; x_wconf 77' lang='lat' dir='ltr'>Bellat-</span> 
     </span>
     <span class='ocr_line' id='line_1_15' title="bbox 365 1806 2146 1909; baseline -0.004 -21"><span class='ocrx_word' id='word_1_185' title='bbox 365 1811 466 1888; x_wconf 87' lang='lat' dir='ltr'>bitarn</span> <span class='ocrx_word' id='word_1_186' title='bbox 480 1865 492 1892; x_wconf 87' lang='lat'><em>‚</em></span> <span class='ocrx_word' id='word_1_187' title='bbox 508 1809 643 1885; x_wconf 86' lang='lat' dir='ltr'>eandem</span> <span class='ocrx_word' id='word_1_188' title='bbox 662 1827 768 1883; x_wconf 83' lang='lat' dir='ltr'>autern</span> <span class='ocrx_word' id='word_1_189' title='bbox 787 1834 876 1879; x_wconf 90' lang='lat' dir='ltr'>mere</span> <span class='ocrx_word' id='word_1_190' title='bbox 887 1813 1061 1907; x_wconf 85' lang='lat' dir='ltr'>gratuitam</span> <span class='ocrx_word' id='word_1_191' title='bbox 1077 1807 1234 1907; x_wconf 87' lang='lat' dir='ltr'>agnoscit.</span> <span class='ocrx_word' id='word_1_192' title='bbox 1275 1816 1380 1885; x_wconf 89' lang='lat' dir='ltr'>miuus</span> <span class='ocrx_word' id='word_1_193' title='bbox 1400 1806 1505 1882; x_wconf 86' lang='lat' dir='ltr'>scribit</span> <span class='ocrx_word' id='word_1_194' title='bbox 1531 1808 1584 1882; x_wconf 89' lang='lat' dir='ltr'>lib.</span> <span class='ocrx_word' id='word_1_195' title='bbox 1604 1812 1645 1883; x_wconf 87' lang='lat' dir='ltr'>V.</span> <span class='ocrx_word' id='word_1_196' title='bbox 1674 1808 1715 1880; x_wconf 94' lang='lat' dir='ltr'>de</span> <span class='ocrx_word' id='word_1_197' title='bbox 1743 1807 1841 1905; x_wconf 86' lang='lat' dir='ltr'>juliis.</span> <span class='ocrx_word' id='word_1_198' title='bbox 1862 1835 1935 1909; x_wconf 86' lang='lat' dir='ltr'>cap.</span> <span class='ocrx_word' id='word_1_199' title='bbox 1966 1833 2020 1896; x_wconf 80' lang='lat'>17.</span> <span class='ocrx_word' id='word_1_200' title='bbox 2058 1818 2090 1899; x_wconf 63' lang='grc' dir='ltr'>ς.</span> <span class='ocrx_word' id='word_1_201' title='bbox 2114 1837 2146 1898; x_wconf 76' lang='lat' dir='ltr'>a,</span> 
     </span>
     <span class='ocr_line' id='line_1_16' title="bbox 366 1903 2147 2006; baseline -0.002 -20"><span class='ocrx_word' id='word_1_202' title='bbox 366 1918 412 1986; x_wconf 74' lang='lat' dir='ltr'>Ar</span> <span class='ocrx_word' id='word_1_203' title='bbox 428 1909 667 2006; x_wconf 81' lang='lat' dir='ltr'>ubicunqueest</span> <span class='ocrx_word' id='word_1_204' title='bbox 681 1912 832 1979; x_wconf 89' lang='lat' dir='ltr'>merirum</span> <span class='ocrx_word' id='word_1_205' title='bbox 846 1904 998 2006; x_wconf 83' lang='lat' dir='ltr'>aliquod,</span> <span class='ocrx_word' id='word_1_206' title='bbox 1013 1906 1056 1976; x_wconf 93' lang='lat' dir='ltr'>ibi</span> <span class='ocrx_word' id='word_1_207' title='bbox 1069 1903 1163 1978; x_wconf 80' lang='lat' dir='ltr'>cellar</span> <span class='ocrx_word' id='word_1_208' title='bbox 1181 1932 1235 1979; x_wconf 88' lang='lat' dir='ltr'>ra·</span> <span class='ocrx_word' id='word_1_209' title='bbox 1278 1907 1362 1981; x_wconf 84' lang='lat' dir='ltr'>Vita</span> <span class='ocrx_word' id='word_1_210' title='bbox 1377 1921 1509 1982; x_wconf 80' lang='lat' dir='ltr'>aeterne</span> <span class='ocrx_word' id='word_1_211' title='bbox 1527 1906 1698 2005; x_wconf 81' lang='lat' dir='ltr'>estssumen</span> <span class='ocrx_word' id='word_1_212' title='bbox 1716 1907 1892 2004; x_wconf 80' lang='lat' dir='ltr'>laetificant</span> <span class='ocrx_word' id='word_1_213' title='bbox 1901 1911 2064 1982; x_wconf 81' lang='lat' dir='ltr'>ciuitatem</span> <span class='ocrx_word' id='word_1_214' title='bbox 2075 1903 2147 1994; x_wconf 75' lang='lat' dir='ltr'>Dei,</span> 
     </span>
     <span class='ocr_line' id='line_1_17' title="bbox 365 2001 2146 2107; baseline 0 -27"><span class='ocrx_word' id='word_1_215' title='bbox 365 2013 412 2080; x_wconf 90' lang='lat' dir='ltr'>tio</span> <span class='ocrx_word' id='word_1_216' title='bbox 426 2013 569 2107; x_wconf 73' lang='lat' dir='ltr'>gratuiti.</span> <span class='ocrx_word' id='word_1_217' title='bbox 621 2011 658 2078; x_wconf 85' lang='lat' dir='ltr'>ln</span> <span class='ocrx_word' id='word_1_218' title='bbox 679 2003 934 2098; x_wconf 75' lang='lat' dir='ltr'>reconciliatione</span> <span class='ocrx_word' id='word_1_219' title='bbox 955 2001 1016 2073; x_wconf 81' lang='lat' dir='ltr'>lite</span> <span class='ocrx_word' id='word_1_220' title='bbox 1035 2001 1235 2096; x_wconf 81' lang='lat' dir='ltr'>juslifieatio·</span> <span class='ocrx_word' id='word_1_221' title='bbox 1274 2003 1391 2084; x_wconf 84' lang='lat' dir='ltr'>Psalm.</span> <span class='ocrx_word' id='word_1_222' title='bbox 1406 2006 1529 2098; x_wconf 85' lang='lat' dir='ltr'><strong>XLV.)</strong></span> <span class='ocrx_word' id='word_1_223' title='bbox 1555 2006 1679 2078; x_wconf 88' lang='lat' dir='ltr'>Deinde</span> <span class='ocrx_word' id='word_1_224' title='bbox 1696 2007 2042 2101; x_wconf 70' lang='lat' dir='ltr'>additHieronymute</span> <span class='ocrx_word' id='word_1_225' title='bbox 2065 2007 2146 2082; x_wconf 81' lang='lat' dir='ltr'>Nun</span> 
     </span>
     <span class='ocr_line' id='line_1_18' title="bbox 365 2099 2148 2206; baseline -0.001 -29"><span class='ocrx_word' id='word_1_226' title='bbox 365 2132 406 2182; x_wconf 88' lang='lat' dir='ltr'>ne</span> <span class='ocrx_word' id='word_1_227' title='bbox 421 2103 585 2178; x_wconf 86' lang='lat' dir='ltr'>intercedit</span> <span class='ocrx_word' id='word_1_228' title='bbox 600 2102 731 2200; x_wconf 86' lang='lat' dir='ltr'>aliquod</span> <span class='ocrx_word' id='word_1_229' title='bbox 744 2099 1068 2187; x_wconf 83' lang='lat' dir='ltr'>metitum,uidclicet</span> <span class='ocrx_word' id='word_1_230' title='bbox 1081 2105 1234 2176; x_wconf 89' lang='lat' dir='ltr'>meritum</span> <span class='ocrx_word' id='word_1_231' title='bbox 1273 2105 1558 2203; x_wconf 80' lang='lat' dir='ltr'>timeantſstieutes</span> <span class='ocrx_word' id='word_1_232' title='bbox 1581 2106 1693 2200; x_wconf 81' lang='lat' dir='ltr'>eloquii</span> <span class='ocrx_word' id='word_1_233' title='bbox 1712 2101 1961 2201; x_wconf 71' lang='lat' dir='ltr'>paupertatem,</span> <span class='ocrx_word' id='word_1_234' title='bbox 1975 2107 2014 2206; x_wconf 84' lang='grc' dir='ltr'><em>β</em></span> <span class='ocrx_word' id='word_1_235' title='bbox 2030 2129 2148 2202; x_wconf 74' lang='lat' dir='ltr'>orgen·</span> 
     </span>
     <span class='ocr_line' id='line_1_19' title="bbox 364 2193 2149 2302; baseline -0.002 -26"><span class='ocrx_word' id='word_1_236' title='bbox 364 2201 407 2276; x_wconf 85' lang='lat' dir='ltr'>de</span> <span class='ocrx_word' id='word_1_237' title='bbox 428 2228 576 2302; x_wconf 81' lang='lat' dir='ltr'>congruo.</span> <span class='ocrx_word' id='word_1_238' title='bbox 627 2206 715 2297; x_wconf 78' lang='lat' dir='ltr'>Ergo</span> <span class='ocrx_word' id='word_1_239' title='bbox 733 2200 777 2271; x_wconf 92' lang='lat' dir='ltr'>ibi</span> <span class='ocrx_word' id='word_1_240' title='bbox 791 2193 887 2270; x_wconf 80' lang='lat' dir='ltr'>celsas</span> <span class='ocrx_word' id='word_1_241' title='bbox 902 2198 984 2268; x_wconf 86' lang='lat' dir='ltr'>tatio</span> <span class='ocrx_word' id='word_1_242' title='bbox 1024 2202 1141 2272; x_wconf 87' lang='lat' dir='ltr'>ratuiti.</span> <span class='ocrx_word' id='word_1_243' title='bbox 1169 2198 1234 2271; x_wconf 77' lang='lat' dir='ltr'>Ad-</span> <span class='ocrx_word' id='word_1_244' title='bbox 1268 2215 1344 2274; x_wconf 86' lang='lat' dir='ltr'>tutn</span> <span class='ocrx_word' id='word_1_245' title='bbox 1353 2206 1446 2300; x_wconf 84' lang='lat' dir='ltr'>sorte</span> <span class='ocrx_word' id='word_1_246' title='bbox 1468 2229 1532 2274; x_wconf 87' lang='lat' dir='ltr'>nou</span> <span class='ocrx_word' id='word_1_247' title='bbox 1555 2203 1710 2282; x_wconf 76' lang='lat' dir='ltr'>babeant,</span> <span class='ocrx_word' id='word_1_248' title='bbox 1725 2206 1789 2302; x_wconf 81' lang='lat' dir='ltr'>sed</span> <span class='ocrx_word' id='word_1_249' title='bbox 1808 2207 1946 2274; x_wconf 82' lang='lat' dir='ltr'>audiant</span> <span class='ocrx_word' id='word_1_250' title='bbox 1969 2203 2149 2300; x_wconf 68' lang='lat' dir='ltr'>oppletum</span> 
     </span>
     <span class='ocr_line' id='line_1_20' title="bbox 363 2223 2146 2408; baseline -0.003 -32"><span class='ocrx_word' id='word_1_251' title='bbox 363 2301 414 2389; x_wconf 89' lang='lat' dir='ltr'>de,</span> <span class='ocrx_word' id='word_1_252' title='bbox 429 2300 520 2408; x_wconf 72' lang='lat' dir='ltr'>quod</span> <span class='ocrx_word' id='word_1_253' title='bbox 539 2297 748 2370; x_wconf 77' lang='lat' dir='ltr'>bellarminus</span> <span class='ocrx_word' id='word_1_254' title='bbox 765 2295 819 2368; x_wconf 89' lang='lat' dir='ltr'>lib.</span> <span class='ocrx_word' id='word_1_255' title='bbox 835 2299 859 2368; x_wconf 95' lang='lat' dir='ltr'>l.</span> <span class='ocrx_word' id='word_1_256' title='bbox 878 2294 916 2366; x_wconf 93' lang='lat' dir='ltr'>de</span> <span class='ocrx_word' id='word_1_257' title='bbox 931 2223 1027 2387; x_wconf 72' lang='lat' dir='ltr'>jullii.</span> <span class='ocrx_word' id='word_1_258' title='bbox 1047 2321 1078 2367; x_wconf 92' lang='lat' dir='ltr'>c.</span> <span class='ocrx_word' id='word_1_259' title='bbox 1099 2321 1153 2367; x_wconf 86' lang='lat'>20.</span> <span class='ocrx_word' id='word_1_260' title='bbox 1169 2296 1233 2370; x_wconf 88' lang='lat' dir='ltr'>col.</span> <span class='ocrx_word' id='word_1_261' title='bbox 1273 2303 1448 2374; x_wconf 71' lang='lat' dir='ltr'>dicentum:</span> <span class='ocrx_word' id='word_1_262' title='bbox 1479 2305 1595 2400; x_wconf 77' lang='lat' dir='ltr'>gratia</span> <span class='ocrx_word' id='word_1_263' title='bbox 1616 2302 1706 2397; x_wconf 73' lang='lat' dir='ltr'>stetui</span> <span class='ocrx_word' id='word_1_264' title='bbox 1723 2303 1812 2399; x_wconf 67' lang='lat' dir='ltr'>fabii</span> <span class='ocrx_word' id='word_1_265' title='bbox 1837 2301 1915 2404; x_wconf 81' lang='lat' dir='ltr'>estis.</span> <span class='ocrx_word' id='word_1_266' title='bbox 1948 2301 2079 2397; x_wconf 86' lang='lat' dir='ltr'>(audis</span> <span class='ocrx_word' id='word_1_267' title='bbox 2105 2299 2146 2370; x_wconf 89' lang='lat' dir='ltr'>de</span> 
     </span>
    </p>
   </div>
   <div class='ocr_carea' id='block_1_3' title="bbox 361 2390 2148 2785">
    <p class='ocr_par' dir='ltr' id='par_1_6' title="bbox 361 2390 2148 2785">
     <span class='ocr_line' id='line_1_21' title="bbox 369 2390 2147 2498; baseline -0.001 -29"><span class='ocrx_word' id='word_1_268' title='bbox 369 2426 474 2480; x_wconf 84' lang='lat'>10¹4·</span> <span class='ocrx_word' id='word_1_269' title='bbox 494 2390 637 2493; x_wconf 85' lang='lat' dir='ltr'>exprelse</span> <span class='ocrx_word' id='word_1_270' title='bbox 655 2393 787 2473; x_wconf 86' lang='lat' dir='ltr'>scribat,</span> <span class='ocrx_word' id='word_1_271' title='bbox 804 2395 952 2465; x_wconf 84' lang='lat' dir='ltr'>meritum</span> <span class='ocrx_word' id='word_1_272' title='bbox 967 2398 1005 2462; x_wconf 83' lang='lat' dir='ltr'>de</span> <span class='ocrx_word' id='word_1_273' title='bbox 1021 2418 1232 2492; x_wconf 81' lang='lat' dir='ltr'>congruopo·</span> <span class='ocrx_word' id='word_1_274' title='bbox 1272 2395 1410 2498; x_wconf 81' lang='lat' dir='ltr'>gratuita</span> <span class='ocrx_word' id='word_1_275' title='bbox 1432 2399 1527 2471; x_wconf 90' lang='lat' dir='ltr'>salute</span> <span class='ocrx_word' id='word_1_276' title='bbox 1546 2397 1654 2469; x_wconf 91' lang='lat' dir='ltr'>locum</span> <span class='ocrx_word' id='word_1_277' title='bbox 1674 2401 1899 2496; x_wconf 87' lang='lat' dir='ltr'>propheticum</span> <span class='ocrx_word' id='word_1_278' title='bbox 1920 2399 1961 2469; x_wconf 86' lang='lat' dir='ltr'>ab</span> <span class='ocrx_word' id='word_1_279' title='bbox 1977 2401 2147 2490; x_wconf 83' lang='lat' dir='ltr'>Hierony·</span> 
     </span>
     <span class='ocr_line' id='line_1_22' title="bbox 361 2495 2148 2785; baseline 0.002 -214"><span class='ocrx_word' id='word_1_280' title='bbox 361 2503 428 2572; x_wconf 83' lang='lat' dir='ltr'>tius</span> <span class='ocrx_word' id='word_1_281' title='bbox 435 2497 580 2594; x_wconf 83' lang='lat' dir='ltr'>fundari</span> <span class='ocrx_word' id='word_1_282' title='bbox 600 2498 635 2563; x_wconf 92' lang='lat' dir='ltr'>in</span> <span class='ocrx_word' id='word_1_283' title='bbox 655 2495 763 2588; x_wconf 83' lang='lat' dir='ltr'>aliqua</span> <span class='ocrx_word' id='word_1_284' title='bbox 784 2496 941 2591; x_wconf 78' lang='lat' dir='ltr'>dignitate</span> <span class='ocrx_word' id='word_1_285' title='bbox 957 2495 1060 2586; x_wconf 78' lang='lat' dir='ltr'>operis</span> <span class='ocrx_word' id='word_1_286' title='bbox 1081 2517 1178 2588; x_wconf 84' lang='lat' dir='ltr'>quum</span> <span class='ocrx_word' id='word_1_287' title='bbox 1197 2497 1233 2565; x_wconf 87' lang='lat' dir='ltr'>in</span> <span class='ocrx_word' id='word_1_288' title='bbox 1273 2524 1333 2569; x_wconf 87' lang='lat' dir='ltr'>mo</span> <span class='ocrx_word' id='word_1_289' title='bbox 1348 2497 1666 2692; x_wconf 50' lang='lat' dir='ltr'>expp&#39;npprffipngpi</span> <span class='ocrx_word' id='word_1_290' title='bbox 1680 2501 1714 2664; x_wconf 61' lang='lat' dir='ltr'>ip</span> <span class='ocrx_word' id='word_1_291' title='bbox 1727 2496 1844 2665; x_wconf 47' lang='grc' dir='ltr'>ἓξὲξ</span> <span class='ocrx_word' id='word_1_292' title='bbox 1857 2497 2148 2785; x_wconf 47' lang='grc' dir='ltr'>Ιίἓῖῧιῖἰ.οἰοὶἶζ</span> 
     </span>
    </p>
   </div>
   <div class='ocr_carea' id='block_1_4' title="bbox 357 2587 1367 2694">
    <p class='ocr_par' dir='ltr' id='par_1_7' title="bbox 357 2587 1367 2694">
     <span class='ocr_line' id='line_1_23' title="bbox 357 2587 1367 2694; baseline -0.001 -28"><span class='ocrx_word' id='word_1_293' title='bbox 357 2597 556 2694; x_wconf 80' lang='lat' dir='ltr'>prorniffiune</span> <span class='ocrx_word' id='word_1_294' title='bbox 604 2594 639 2665; x_wconf 82' lang='lat' dir='ltr'>Si</span> <span class='ocrx_word' id='word_1_295' title='bbox 667 2595 836 2674; x_wconf 89' lang='lat' dir='ltr'>meritum,</span> <span class='ocrx_word' id='word_1_296' title='bbox 852 2587 894 2662; x_wconf 91' lang='lat' dir='ltr'>de</span> <span class='ocrx_word' id='word_1_297' title='bbox 911 2615 1068 2688; x_wconf 83' lang='lat' dir='ltr'>congrua,</span> <span class='ocrx_word' id='word_1_298' title='bbox 1090 2589 1179 2689; x_wconf 89' lang='lat' dir='ltr'>quod</span> <span class='ocrx_word' id='word_1_299' title='bbox 1197 2593 1233 2663; x_wconf 93' lang='lat' dir='ltr'>in</span> <span class='ocrx_word' id='word_1_300' title='bbox 1272 2595 1367 2693; x_wconf 83' lang='lat' dir='ltr'>pheta</span> 
     </span>
    </p>
   </div>
   <div class='ocr_carea' id='block_1_5' title="bbox 361 2684 2147 2792">
    <p class='ocr_par' dir='ltr' id='par_1_8' title="bbox 361 2684 2147 2792">
     <span class='ocr_line' id='line_1_24' title="bbox 361 2684 2147 2792; baseline -0.001 -29"><span class='ocrx_word' id='word_1_301' title='bbox 361 2695 587 2791; x_wconf 83' lang='lat' dir='ltr'>justificatione</span> <span class='ocrx_word' id='word_1_302' title='bbox 605 2687 793 2764; x_wconf 85' lang='lat' dir='ltr'>intercedit,</span> <span class='ocrx_word' id='word_1_303' title='bbox 819 2684 972 2758; x_wconf 88' lang='lat' dir='ltr'>fundatur</span> <span class='ocrx_word' id='word_1_304' title='bbox 992 2691 1025 2758; x_wconf 92' lang='lat' dir='ltr'>in</span> <span class='ocrx_word' id='word_1_305' title='bbox 1041 2686 1135 2785; x_wconf 75' lang='lat' dir='ltr'>ipsius</span> <span class='ocrx_word' id='word_1_306' title='bbox 1155 2714 1231 2787; x_wconf 88' lang='lat' dir='ltr'>ope·</span> <span class='ocrx_word' id='word_1_307' title='bbox 1270 2687 1393 2792; x_wconf 81' lang='lat' dir='ltr'>gresslra</span> <span class='ocrx_word' id='word_1_308' title='bbox 1419 2692 1521 2765; x_wconf 93' lang='lat' dir='ltr'>dicit:</span> <span class='ocrx_word' id='word_1_309' title='bbox 1547 2695 1678 2770; x_wconf 73' lang='lat' dir='ltr'>audite,</span> <span class='ocrx_word' id='word_1_310' title='bbox 1704 2692 1751 2767; x_wconf 68' lang='lat' dir='ltr'>dt&#39;</span> <span class='ocrx_word' id='word_1_311' title='bbox 1773 2697 1859 2764; x_wconf 86' lang='lat' dir='ltr'>uiuet</span> <span class='ocrx_word' id='word_1_312' title='bbox 1881 2697 1991 2763; x_wconf 76' lang='lat' dir='ltr'>unirent</span> <span class='ocrx_word' id='word_1_313' title='bbox 2021 2716 2061 2762; x_wconf 87' lang='lat' dir='ltr'>ue</span> <span class='ocrx_word' id='word_1_314' title='bbox 2087 2713 2147 2762; x_wconf 81' lang='lat' dir='ltr'>ru:</span> 
     </span>
    </p>
   </div>
   <div class='ocr_carea' id='block_1_6' title="bbox 222 2782 2156 2888">
    <p class='ocr_par' dir='ltr' id='par_1_9' title="bbox 222 2782 2156 2888">
     <span class='ocr_line' id='line_1_25' title="bbox 222 2782 2156 2888; baseline -0.002 -25"><span class='ocrx_word' id='word_1_315' title='bbox 222 2807 226 2814; x_wconf 87' lang='lat'>&#39;</span> <span class='ocrx_word' id='word_1_316' title='bbox 362 2795 406 2864; x_wconf 81' lang='lat' dir='ltr'>ris</span> <span class='ocrx_word' id='word_1_317' title='bbox 423 2793 596 2888; x_wconf 80' lang='lat' dir='ltr'>dignitate.</span> <span class='ocrx_word' id='word_1_318' title='bbox 621 2811 689 2857; x_wconf 91' lang='lat' dir='ltr'>non</span> <span class='ocrx_word' id='word_1_319' title='bbox 704 2782 812 2857; x_wconf 89' lang='lat' dir='ltr'>insola</span> <span class='ocrx_word' id='word_1_320' title='bbox 826 2787 887 2855; x_wconf 86' lang='lat' dir='ltr'>Dei</span> <span class='ocrx_word' id='word_1_321' title='bbox 903 2783 1233 2883; x_wconf 80' lang='lat' dir='ltr'>promiffione,quo-</span> <span class='ocrx_word' id='word_1_322' title='bbox 1271 2793 1304 2863; x_wconf 92' lang='lat' dir='ltr'>id</span> <span class='ocrx_word' id='word_1_323' title='bbox 1322 2797 1544 2886; x_wconf 80' lang='lat' dir='ltr'>Hieronymus</span> <span class='ocrx_word' id='word_1_324' title='bbox 1569 2788 1611 2858; x_wconf 83' lang='lat' dir='ltr'>lic</span> <span class='ocrx_word' id='word_1_325' title='bbox 1633 2789 1780 2886; x_wconf 86' lang='lat' dir='ltr'>explicat:</span> <span class='ocrx_word' id='word_1_326' title='bbox 1806 2792 1962 2863; x_wconf 82' lang='lat' dir='ltr'>Omnium</span> <span class='ocrx_word' id='word_1_327' title='bbox 1985 2795 2156 2861; x_wconf 73' lang='lat' dir='ltr'>bonone:</span> 
     </span>
    </p>
   </div>
   <div class='ocr_carea' id='block_1_7' title="bbox 360 2880 2152 3082">
    <p class='ocr_par' dir='ltr' id='par_1_10' title="bbox 360 2880 2152 3082">
     <span class='ocr_line' id='line_1_26' title="bbox 362 2880 2147 2990; baseline -0.006 -32"><span class='ocrx_word' id='word_1_328' title='bbox 362 2886 465 2962; x_wconf 87' lang='lat' dir='ltr'>modo</span> <span class='ocrx_word' id='word_1_329' title='bbox 482 2883 662 2977; x_wconf 72' lang='lat' dir='ltr'>justificatio</span> <span class='ocrx_word' id='word_1_330' title='bbox 681 2887 739 2954; x_wconf 90' lang='lat' dir='ltr'>etit</span> <span class='ocrx_word' id='word_1_331' title='bbox 758 2880 890 2979; x_wconf 88' lang='lat' dir='ltr'>amplius</span> <span class='ocrx_word' id='word_1_332' title='bbox 907 2886 1064 2979; x_wconf 83' lang='lat' dir='ltr'>gratuita?</span> <span class='ocrx_word' id='word_1_333' title='bbox 1105 2883 1229 2974; x_wconf 80' lang='grc' dir='ltr'><strong>4.)Αά</strong></span> <span class='ocrx_word' id='word_1_334' title='bbox 1264 2890 1424 2986; x_wconf 82' lang='lat' dir='ltr'>prontiffio</span> <span class='ocrx_word' id='word_1_335' title='bbox 1443 2894 1512 2960; x_wconf 81' lang='lat' dir='ltr'>uita</span> <span class='ocrx_word' id='word_1_336' title='bbox 1532 2881 1584 2983; x_wconf 84' lang='lat' dir='ltr'>est</span> <span class='ocrx_word' id='word_1_337' title='bbox 1587 2886 1796 2983; x_wconf 80' lang='lat' dir='ltr'>sempiterna.</span> <span class='ocrx_word' id='word_1_338' title='bbox 1846 2889 1942 2983; x_wconf 75' lang='lat' dir='ltr'>Quod</span> <span class='ocrx_word' id='word_1_339' title='bbox 1952 2891 1990 2990; x_wconf 78' lang='lat' dir='ltr'><em>ſs</em></span> <span class='ocrx_word' id='word_1_340' title='bbox 2003 2885 2147 2958; x_wconf 76' lang='lat' dir='ltr'>volueri.</span> 
     </span>
     <span class='ocr_line' id='line_1_27' title="bbox 360 2976 2152 3082; baseline -0.006 -27"><span class='ocrx_word' id='word_1_341' title='bbox 360 3009 431 3061; x_wconf 83' lang='lat' dir='ltr'>rem</span> <span class='ocrx_word' id='word_1_342' title='bbox 445 2980 543 3080; x_wconf 87' lang='lat' dir='ltr'>ipsam</span> <span class='ocrx_word' id='word_1_343' title='bbox 565 2980 654 3079; x_wconf 92' lang='lat' dir='ltr'>quod</span> <span class='ocrx_word' id='word_1_344' title='bbox 669 2983 800 3067; x_wconf 81' lang='lat' dir='ltr'>attinet,</span> <span class='ocrx_word' id='word_1_345' title='bbox 823 2979 958 3050; x_wconf 86' lang='lat' dir='ltr'>dicimus</span> <span class='ocrx_word' id='word_1_346' title='bbox 966 2984 1020 3060; x_wconf 86' lang='lat' dir='ltr'>,in</span> <span class='ocrx_word' id='word_1_347' title='bbox 1038 2976 1132 3052; x_wconf 75' lang='lat' dir='ltr'>Esaia</span> <span class='ocrx_word' id='word_1_348' title='bbox 1148 2983 1231 3054; x_wconf 88' lang='lat' dir='ltr'>testi·</span> <span class='ocrx_word' id='word_1_349' title='bbox 1271 2993 1314 3060; x_wconf 68' lang='lat' dir='ltr'>tis</span> <span class='ocrx_word' id='word_1_350' title='bbox 1328 2991 1463 3063; x_wconf 59' lang='lat' dir='ltr'>audire,</span> <span class='ocrx_word' id='word_1_351' title='bbox 1490 2985 1538 3061; x_wconf 58' lang='grc' dir='ltr'>θ’</span> <span class='ocrx_word' id='word_1_352' title='bbox 1560 2989 1672 3057; x_wconf 64' lang='lat' dir='ltr'>anima</span> <span class='ocrx_word' id='word_1_353' title='bbox 1699 2987 1802 3082; x_wconf 60' lang='lat' dir='ltr'>vestm</span> <span class='ocrx_word' id='word_1_354' title='bbox 1825 2989 1944 3056; x_wconf 63' lang='lat' dir='ltr'>vixerit</span> <span class='ocrx_word' id='word_1_355' title='bbox 1977 2989 2012 3057; x_wconf 63' lang='lat' dir='ltr'>i„</span> <span class='ocrx_word' id='word_1_356' title='bbox 2035 2997 2152 3056; x_wconf 55' lang='lat' dir='ltr'>amn</span> 
     </span>
    </p>
   </div>
   <div class='ocr_carea' id='block_1_8' title="bbox 214 3073 2146 3183">
    <p class='ocr_par' dir='ltr' id='par_1_11' title="bbox 214 3073 2146 3183">
     <span class='ocr_line' id='line_1_28' title="bbox 214 3073 2146 3183; baseline -0.004 -29"><span class='ocrx_word' id='word_1_357' title='bbox 214 3147 218 3156; x_wconf 83' lang='lat'><strong>.</strong></span> <span class='ocrx_word' id='word_1_358' title='bbox 337 3145 342 3178; x_wconf 48' lang='grc' dir='ltr'>,Ι</span> <span class='ocrx_word' id='word_1_359' title='bbox 360 3087 476 3159; x_wconf 87' lang='lat' dir='ltr'>monio</span> <span class='ocrx_word' id='word_1_360' title='bbox 492 3083 671 3178; x_wconf 88' lang='lat' dir='ltr'>pervinrtm</span> <span class='ocrx_word' id='word_1_361' title='bbox 686 3087 720 3152; x_wconf 64' lang='grc' dir='ltr'>ἀ</span> <span class='ocrx_word' id='word_1_362' title='bbox 734 3081 783 3152; x_wconf 85' lang='lat' dir='ltr'>lat</span> <span class='ocrx_word' id='word_1_363' title='bbox 797 3102 865 3149; x_wconf 93' lang='lat' dir='ltr'>non</span> <span class='ocrx_word' id='word_1_364' title='bbox 879 3073 982 3148; x_wconf 87' lang='lat' dir='ltr'>solum</span> <span class='ocrx_word' id='word_1_365' title='bbox 998 3078 1089 3173; x_wconf 85' lang='lat' dir='ltr'>hujus</span> <span class='ocrx_word' id='word_1_366' title='bbox 1103 3098 1233 3176; x_wconf 89' lang='lat' dir='ltr'>tempo·</span> <span class='ocrx_word' id='word_1_367' title='bbox 1269 3112 1349 3158; x_wconf 78' lang='lat' dir='ltr'>num</span> <span class='ocrx_word' id='word_1_368' title='bbox 1364 3085 1437 3160; x_wconf 72' lang='lat' dir='ltr'>&amp;e</span> <span class='ocrx_word' id='word_1_369' title='bbox 1484 3087 1555 3182; x_wconf 79' lang='lat' dir='ltr'>Qu</span> <span class='ocrx_word' id='word_1_370' title='bbox 1579 3087 1678 3183; x_wconf 82' lang='lat' dir='ltr'>igitur</span> <span class='ocrx_word' id='word_1_371' title='bbox 1700 3078 1808 3155; x_wconf 87' lang='lat' dir='ltr'>fronte</span> <span class='ocrx_word' id='word_1_372' title='bbox 1825 3085 2022 3176; x_wconf 81' lang='lat' dir='ltr'>Hieronymi</span> <span class='ocrx_word' id='word_1_373' title='bbox 2045 3084 2146 3153; x_wconf 85' lang='lat' dir='ltr'>inrer-</span> 
     </span>
    </p>
   </div>
   <div class='ocr_carea' id='block_1_9' title="bbox 204 3171 2189 5112">
    <p class='ocr_par' dir='ltr' id='par_1_12' title="bbox 301 3171 2189 3959">
     <span class='ocr_line' id='line_1_29' title="bbox 360 3171 2146 3281; baseline -0.002 -26"><span class='ocrx_word' id='word_1_374' title='bbox 360 3187 404 3256; x_wconf 85' lang='lat' dir='ltr'>rit</span> <span class='ocrx_word' id='word_1_375' title='bbox 432 3185 592 3280; x_wconf 79' lang='lat' dir='ltr'>gratiam,</span> <span class='ocrx_word' id='word_1_376' title='bbox 618 3171 670 3249; x_wconf 87' lang='lat' dir='ltr'>sed</span> <span class='ocrx_word' id='word_1_377' title='bbox 695 3181 800 3252; x_wconf 85' lang='lat' dir='ltr'>omnis</span> <span class='ocrx_word' id='word_1_378' title='bbox 819 3177 944 3273; x_wconf 83' lang='lat' dir='ltr'>generis</span> <span class='ocrx_word' id='word_1_379' title='bbox 969 3176 1056 3247; x_wconf 86' lang='lat' dir='ltr'>bona</span> <span class='ocrx_word' id='word_1_380' title='bbox 1078 3203 1117 3249; x_wconf 89' lang='lat' dir='ltr'>ac</span> <span class='ocrx_word' id='word_1_381' title='bbox 1140 3177 1229 3250; x_wconf 86' lang='lat' dir='ltr'>dona</span> <span class='ocrx_word' id='word_1_382' title='bbox 1266 3180 1693 3281; x_wconf 69' lang='lat' dir='ltr'>pretationcmBellarminus</span> <span class='ocrx_word' id='word_1_383' title='bbox 1706 3186 1800 3254; x_wconf 84' lang='lat' dir='ltr'>nobis</span> <span class='ocrx_word' id='word_1_384' title='bbox 1812 3185 1965 3276; x_wconf 81' lang='lat' dir='ltr'>exponit?</span> <span class='ocrx_word' id='word_1_385' title='bbox 1980 3179 2032 3269; x_wconf 87' lang='lat'>6.)</span> <span class='ocrx_word' id='word_1_386' title='bbox 2041 3176 2146 3280; x_wconf 78' lang='lat' dir='ltr'>Quod</span> 
     </span>
     <span class='ocr_line' id='line_1_30' title="bbox 304 3272 2145 3379; baseline -0.003 -26"><span class='ocrx_word' id='word_1_387' title='bbox 304 3291 307 3296; x_wconf 85' lang='lat'>&#39;</span> <span class='ocrx_word' id='word_1_388' title='bbox 359 3279 518 3374; x_wconf 81' lang='lat' dir='ltr'>intelligi,</span> <span class='ocrx_word' id='word_1_389' title='bbox 538 3283 624 3368; x_wconf 85' lang='lat' dir='ltr'>cujus</span> <span class='ocrx_word' id='word_1_390' title='bbox 648 3276 917 3376; x_wconf 77' lang='lat' dir='ltr'>interpretationis</span> <span class='ocrx_word' id='word_1_391' title='bbox 940 3272 1048 3346; x_wconf 85' lang='lat' dir='ltr'>testem</span> <span class='ocrx_word' id='word_1_392' title='bbox 1075 3275 1229 3346; x_wconf 80' lang='lat' dir='ltr'>habemus</span> <span class='ocrx_word' id='word_1_393' title='bbox 1270 3279 1358 3353; x_wconf 80' lang='lat' dir='ltr'>fruel</span> <span class='ocrx_word' id='word_1_394' title='bbox 1374 3284 1512 3352; x_wconf 84' lang='lat' dir='ltr'>maxime</span> <span class='ocrx_word' id='word_1_395' title='bbox 1532 3298 1656 3352; x_wconf 83' lang='lat' dir='ltr'>rantum</span> <span class='ocrx_word' id='word_1_396' title='bbox 1668 3277 1709 3349; x_wconf 83' lang='lat' dir='ltr'>de</span> <span class='ocrx_word' id='word_1_397' title='bbox 1725 3283 1827 3375; x_wconf 87' lang='lat' dir='ltr'>gratia</span> <span class='ocrx_word' id='word_1_398' title='bbox 1836 3277 2081 3379; x_wconf 69' lang='lat' dir='ltr'>justificationis</span> <span class='ocrx_word' id='word_1_399' title='bbox 2095 3273 2145 3346; x_wconf 88' lang='lat' dir='ltr'>di·</span> 
     </span>
     <span class='ocr_line' id='line_1_31' title="bbox 359 3367 2145 3472; baseline -0.004 -22"><span class='ocrx_word' id='word_1_400' title='bbox 359 3381 372 3450; x_wconf 91' lang='lat' dir='ltr'>i</span> <span class='ocrx_word' id='word_1_401' title='bbox 398 3378 465 3446; x_wconf 88' lang='lat' dir='ltr'>sum</span> <span class='ocrx_word' id='word_1_402' title='bbox 482 3373 668 3450; x_wconf 82' lang='lat' dir='ltr'>Christum,</span> <span class='ocrx_word' id='word_1_403' title='bbox 693 3377 749 3471; x_wconf 93' lang='lat' dir='ltr'>qui</span> <span class='ocrx_word' id='word_1_404' title='bbox 768 3376 871 3467; x_wconf 79' lang='lat' dir='ltr'>Apoc.</span> <span class='ocrx_word' id='word_1_405' title='bbox 887 3371 969 3442; x_wconf 87' lang='lat' dir='ltr'>Xlll.</span> <span class='ocrx_word' id='word_1_406' title='bbox 989 3381 1019 3441; x_wconf 87' lang='lat'>6.</span> <span class='ocrx_word' id='word_1_407' title='bbox 1034 3367 1129 3443; x_wconf 90' lang='lat' dir='ltr'>dicit:</span> <span class='ocrx_word' id='word_1_408' title='bbox 1155 3377 1229 3472; x_wconf 88' lang='lat' dir='ltr'>Ego</span> <span class='ocrx_word' id='word_1_409' title='bbox 1271 3381 1360 3450; x_wconf 72' lang='lat' dir='ltr'>dium</span> <span class='ocrx_word' id='word_1_410' title='bbox 1381 3372 1478 3447; x_wconf 71' lang='lat' dir='ltr'>Esaia</span> <span class='ocrx_word' id='word_1_411' title='bbox 1497 3378 1703 3471; x_wconf 84' lang='lat' dir='ltr'>loqueretur.</span> <span class='ocrx_word' id='word_1_412' title='bbox 1729 3376 1936 3446; x_wconf 85' lang='lat' dir='ltr'>nihilominus</span> <span class='ocrx_word' id='word_1_413' title='bbox 1958 3393 2075 3447; x_wconf 85' lang='lat' dir='ltr'>tamen</span> <span class='ocrx_word' id='word_1_414' title='bbox 2092 3396 2145 3444; x_wconf 87' lang='lat' dir='ltr'>re·</span> 
     </span>
     <span class='ocr_line' id='line_1_32' title="bbox 301 3467 2189 3570; baseline -0.001 -24"><span class='ocrx_word' id='word_1_415' title='bbox 301 3478 317 3506; x_wconf 78' lang='lat'>‘</span> <span class='ocrx_word' id='word_1_416' title='bbox 384 3475 474 3546; x_wconf 86' lang='lat' dir='ltr'>tienti</span> <span class='ocrx_word' id='word_1_417' title='bbox 490 3474 579 3568; x_wconf 6' lang='lat' dir='ltr'>puato</span> <span class='ocrx_word' id='word_1_418' title='bbox 593 3470 732 3563; x_wconf 76' lang='lat' dir='ltr'>destante</span> <span class='ocrx_word' id='word_1_419' title='bbox 746 3491 849 3564; x_wconf 81' lang='lat' dir='ltr'>aquae</span> <span class='ocrx_word' id='word_1_420' title='bbox 867 3470 1096 3564; x_wconf 83' lang='lat' dir='ltr'>uiuuegrutis.</span> <span class='ocrx_word' id='word_1_421' title='bbox 1115 3470 1231 3567; x_wconf 86' lang='lat' dir='ltr'>quibus</span> <span class='ocrx_word' id='word_1_422' title='bbox 1270 3476 1321 3545; x_wconf 74' lang='lat' dir='ltr'>sle</span> <span class='ocrx_word' id='word_1_423' title='bbox 1341 3501 1379 3547; x_wconf 85' lang='lat' dir='ltr'>ex</span> <span class='ocrx_word' id='word_1_424' title='bbox 1399 3500 1439 3544; x_wconf 89' lang='lat' dir='ltr'>eo</span> <span class='ocrx_word' id='word_1_425' title='bbox 1455 3472 1567 3544; x_wconf 85' lang='lat' dir='ltr'>inferri</span> <span class='ocrx_word' id='word_1_426' title='bbox 1588 3467 1690 3569; x_wconf 80' lang='lat' dir='ltr'>poll‘et</span> <span class='ocrx_word' id='word_1_427' title='bbox 1707 3477 1781 3556; x_wconf 55' lang='lat' dir='ltr'>sex</span> <span class='ocrx_word' id='word_1_428' title='bbox 1800 3477 1902 3570; x_wconf 84' lang='lat' dir='ltr'>gratia</span> <span class='ocrx_word' id='word_1_429' title='bbox 1924 3498 1985 3544; x_wconf 85' lang='lat' dir='ltr'>not</span> <span class='ocrx_word' id='word_1_430' title='bbox 2005 3467 2145 3545; x_wconf 76' lang='lat' dir='ltr'>salvari.</span> <span class='ocrx_word' id='word_1_431' title='bbox 2186 3515 2189 3520; x_wconf 95' lang='lat'>·</span> 
     </span>
     <span class='ocr_line' id='line_1_33' title="bbox 359 3565 2145 3676; baseline -0.002 -34"><span class='ocrx_word' id='word_1_432' title='bbox 359 3573 464 3643; x_wconf 84' lang='lat' dir='ltr'>verbis</span> <span class='ocrx_word' id='word_1_433' title='bbox 488 3566 600 3666; x_wconf 85' lang='lat' dir='ltr'>procul</span> <span class='ocrx_word' id='word_1_434' title='bbox 630 3565 732 3637; x_wconf 93' lang='lat' dir='ltr'>dubio</span> <span class='ocrx_word' id='word_1_435' title='bbox 752 3565 793 3636; x_wconf 89' lang='lat' dir='ltr'>ad</span> <span class='ocrx_word' id='word_1_436' title='bbox 814 3565 1037 3661; x_wconf 89' lang='lat' dir='ltr'>propheticum</span> <span class='ocrx_word' id='word_1_437' title='bbox 1062 3568 1126 3638; x_wconf 90' lang='lat' dir='ltr'>hoc</span> <span class='ocrx_word' id='word_1_438' title='bbox 1145 3567 1230 3637; x_wconf 89' lang='lat' dir='ltr'>telli-</span> <span class='ocrx_word' id='word_1_439' title='bbox 1268 3598 1345 3643; x_wconf 91' lang='lat' dir='ltr'>curn</span> <span class='ocrx_word' id='word_1_440' title='bbox 1360 3572 1588 3665; x_wconf 84' lang='lat' dir='ltr'>justificationis</span> <span class='ocrx_word' id='word_1_441' title='bbox 1604 3578 1637 3643; x_wconf 84' lang='lat' dir='ltr'>dt</span> <span class='ocrx_word' id='word_1_442' title='bbox 1652 3566 1830 3642; x_wconf 82' lang='lat' dir='ltr'>salvationis</span> <span class='ocrx_word' id='word_1_443' title='bbox 1846 3569 1965 3642; x_wconf 77' lang='lat' dir='ltr'>eudem</span> <span class='ocrx_word' id='word_1_444' title='bbox 1984 3566 2045 3676; x_wconf 75' lang='lat' dir='ltr'>supr</span> <span class='ocrx_word' id='word_1_445' title='bbox 2066 3591 2145 3640; x_wconf 90' lang='lat' dir='ltr'>cau·</span> 
     </span>
     <span class='ocr_line' id='line_1_34' title="bbox 359 3660 2145 3765; baseline -0.001 -26"><span class='ocrx_word' id='word_1_446' title='bbox 359 3673 512 3744; x_wconf 88' lang='lat' dir='ltr'>monium</span> <span class='ocrx_word' id='word_1_447' title='bbox 529 3660 666 3761; x_wconf 87' lang='lat' dir='ltr'>respicit.</span> <span class='ocrx_word' id='word_1_448' title='bbox 693 3669 786 3736; x_wconf 85' lang='lat' dir='ltr'>Prov.</span> <span class='ocrx_word' id='word_1_449' title='bbox 803 3662 857 3734; x_wconf 86' lang='lat' dir='ltr'>ill.</span> <span class='ocrx_word' id='word_1_450' title='bbox 884 3685 910 3730; x_wconf 82' lang='lat'>¹·</span> <span class='ocrx_word' id='word_1_451' title='bbox 960 3665 1002 3733; x_wconf 83' lang='lat' dir='ltr'>Su</span> <span class='ocrx_word' id='word_1_452' title='bbox 1027 3667 1125 3736; x_wconf 85' lang='lat' dir='ltr'>ientiu</span> <span class='ocrx_word' id='word_1_453' title='bbox 1143 3670 1230 3761; x_wconf 89' lang='lat' dir='ltr'>(per</span> <span class='ocrx_word' id='word_1_454' title='bbox 1267 3664 1329 3758; x_wconf 74' lang='lat' dir='ltr'>se,</span> <span class='ocrx_word' id='word_1_455' title='bbox 1349 3671 1483 3743; x_wconf 89' lang='lat' dir='ltr'>docente</span> <span class='ocrx_word' id='word_1_456' title='bbox 1500 3668 1648 3762; x_wconf 87' lang='lat' dir='ltr'>apoliolo</span> <span class='ocrx_word' id='word_1_457' title='bbox 1671 3672 1770 3741; x_wconf 84' lang='lat' dir='ltr'>Rom.</span> <span class='ocrx_word' id='word_1_458' title='bbox 1786 3669 1841 3737; x_wconf 85' lang='lat' dir='ltr'>lv.</span> <span class='ocrx_word' id='word_1_459' title='bbox 1856 3668 1941 3765; x_wconf 64' lang='lat' dir='ltr'>tuph.</span> <span class='ocrx_word' id='word_1_460' title='bbox 1959 3669 1999 3739; x_wconf 88' lang='lat' dir='ltr'>ll.</span> <span class='ocrx_word' id='word_1_461' title='bbox 2015 3684 2145 3762; x_wconf 84' lang='lat' dir='ltr'>utpau·</span> 
     </span>
     <span class='ocr_line' id='line_1_35' title="bbox 356 3690 2142 3937; baseline -0.001 -100"><span class='ocrx_word' id='word_1_462' title='bbox 356 3793 457 3937; x_wconf 68' lang='lat' dir='ltr'>puam</span> <span class='ocrx_word' id='word_1_463' title='bbox 474 3762 587 3835; x_wconf 85' lang='lat' dir='ltr'>Filium</span> <span class='ocrx_word' id='word_1_464' title='bbox 606 3764 664 3834; x_wconf 89' lang='lat' dir='ltr'>Dei</span> <span class='ocrx_word' id='word_1_465' title='bbox 688 3756 935 3858; x_wconf 86' lang='lat' dir='ltr'>intelligendum</span> <span class='ocrx_word' id='word_1_466' title='bbox 956 3690 1025 3832; x_wconf 59' lang='lat' dir='ltr'>cilleJ</span> <span class='ocrx_word' id='word_1_467' title='bbox 1041 3787 1080 3833; x_wconf 87' lang='lat' dir='ltr'>ex</span> <span class='ocrx_word' id='word_1_468' title='bbox 1101 3786 1230 3835; x_wconf 88' lang='lat' dir='ltr'>antece·</span> <span class='ocrx_word' id='word_1_469' title='bbox 1268 3765 1303 3838; x_wconf 93' lang='lat' dir='ltr'>lo</span> <span class='ocrx_word' id='word_1_470' title='bbox 1330 3771 1402 3864; x_wconf 87' lang='lat' dir='ltr'>post</span> <span class='ocrx_word' id='word_1_471' title='bbox 1424 3767 1545 3866; x_wconf 83' lang='lat' dir='ltr'>plenius</span> <span class='ocrx_word' id='word_1_472' title='bbox 1569 3765 1848 3837; x_wconf 84' lang='lat' dir='ltr'>demonstrabitur.</span> <span class='ocrx_word' id='word_1_473' title='bbox 1907 3765 1969 3858; x_wconf 76' lang='lat'>7.)</span> <span class='ocrx_word' id='word_1_474' title='bbox 1994 3761 2142 3836; x_wconf 87' lang='lat' dir='ltr'>Verbum</span> 
     </span>
     <span class='ocr_line' id='line_1_36' title="bbox 383 3857 2142 3959; baseline -0.001 -23"><span class='ocrx_word' id='word_1_475' title='bbox 383 3867 462 3936; x_wconf 87' lang='lat' dir='ltr'>entia</span> <span class='ocrx_word' id='word_1_476' title='bbox 482 3863 593 3956; x_wconf 86' lang='lat' dir='ltr'>capitia</span> <span class='ocrx_word' id='word_1_477' title='bbox 618 3887 654 3934; x_wconf 87' lang='lat' dir='ltr'>v.</span> <span class='ocrx_word' id='word_1_478' title='bbox 669 3884 724 3939; x_wconf 87' lang='lat'>24.</span> <span class='ocrx_word' id='word_1_479' title='bbox 742 3861 849 3956; x_wconf 88' lang='lat' dir='ltr'>patet)</span> <span class='ocrx_word' id='word_1_480' title='bbox 866 3857 1154 3955; x_wconf 77' lang='lat' dir='ltr'>netlifitauitsuum</span> <span class='ocrx_word' id='word_1_481' title='bbox 1173 3865 1230 3931; x_wconf 82' lang='lat' dir='ltr'>do·</span> <span class='ocrx_word' id='word_1_482' title='bbox 1268 3872 1389 3938; x_wconf 83' lang='lat' dir='ltr'>emeudi</span> <span class='ocrx_word' id='word_1_483' title='bbox 1421 3862 1604 3934; x_wconf 82' lang='lat' dir='ltr'>translatitie</span> <span class='ocrx_word' id='word_1_484' title='bbox 1630 3866 1663 3932; x_wconf 94' lang='lat' dir='ltr'>in</span> <span class='ocrx_word' id='word_1_485' title='bbox 1683 3864 1748 3933; x_wconf 91' lang='lat' dir='ltr'>hoc</span> <span class='ocrx_word' id='word_1_486' title='bbox 1769 3862 1859 3933; x_wconf 79' lang='lat' dir='ltr'>diuo</span> <span class='ocrx_word' id='word_1_487' title='bbox 1882 3859 2050 3959; x_wconf 77' lang='lat' dir='ltr'>usurpatur</span> <span class='ocrx_word' id='word_1_488' title='bbox 2063 3909 2078 3938; x_wconf 60' lang='grc' dir='ltr'><strong><em>ι</em></strong></span> <span class='ocrx_word' id='word_1_489' title='bbox 2104 3867 2142 3934; x_wconf 72' lang='lat' dir='ltr'>ue</span> 
     </span>
    </p>

    <p class='ocr_par' dir='ltr' id='par_1_13' title="bbox 204 3957 2147 5112">
     <span class='ocr_line' id='line_1_37' title="bbox 358 3957 2144 4060; baseline 0.001 -32"><span class='ocrx_word' id='word_1_490' title='bbox 358 3987 468 4044; x_wconf 71' lang='lat' dir='ltr'>mum,</span> <span class='ocrx_word' id='word_1_491' title='bbox 486 3960 557 4034; x_wconf 73' lang='lat' dir='ltr'>&amp;n</span> <span class='ocrx_word' id='word_1_492' title='bbox 580 3984 610 4028; x_wconf 87' lang='lat' dir='ltr'>v.</span> <span class='ocrx_word' id='word_1_493' title='bbox 633 3981 667 4034; x_wconf 86' lang='lat'>2.</span> <span class='ocrx_word' id='word_1_494' title='bbox 693 3958 869 4028; x_wconf 84' lang='lat' dir='ltr'>immolauit</span> <span class='ocrx_word' id='word_1_495' title='bbox 893 3957 1084 4036; x_wconf 53' lang='lat' dir='ltr'>uiiiimame</span> <span class='ocrx_word' id='word_1_496' title='bbox 1104 3961 1229 4056; x_wconf 79' lang='lat' dir='ltr'>miscuit</span> <span class='ocrx_word' id='word_1_497' title='bbox 1269 3961 1427 4060; x_wconf 84' lang='lat' dir='ltr'>significat</span> <span class='ocrx_word' id='word_1_498' title='bbox 1437 3959 1495 4034; x_wconf 88' lang='lat' dir='ltr'>srbi</span> <span class='ocrx_word' id='word_1_499' title='bbox 1507 3959 1627 4057; x_wconf 90' lang='lat' dir='ltr'>aliquid</span> <span class='ocrx_word' id='word_1_500' title='bbox 1642 3983 1853 4057; x_wconf 80' lang='lat' dir='ltr'>comparare.</span> <span class='ocrx_word' id='word_1_501' title='bbox 1869 3963 2042 4030; x_wconf 85' lang='lat' dir='ltr'>invitantur</span> <span class='ocrx_word' id='word_1_502' title='bbox 2054 3961 2144 4030; x_wconf 82' lang='lat' dir='ltr'>enim</span> 
     </span>
     <span class='ocr_line' id='line_1_38' title="bbox 359 4052 2144 4159; baseline -0.002 -28"><span class='ocrx_word' id='word_1_503' title='bbox 359 4065 472 4132; x_wconf 85' lang='lat' dir='ltr'>vinu-m</span> <span class='ocrx_word' id='word_1_504' title='bbox 482 4056 657 4150; x_wconf 61' lang='lat' dir='ltr'>fitium&amp;</span> <span class='ocrx_word' id='word_1_505' title='bbox 673 4054 824 4151; x_wconf 75' lang='lat' dir='ltr'>disposuit</span> <span class='ocrx_word' id='word_1_506' title='bbox 846 4052 1116 4150; x_wconf 83' lang='lat' dir='ltr'>mensamsnam,</span> <span class='ocrx_word' id='word_1_507' title='bbox 1140 4081 1169 4125; x_wconf 79' lang='lat' dir='ltr'>v·</span> <span class='ocrx_word' id='word_1_508' title='bbox 1196 4077 1227 4133; x_wconf 80' lang='grc' dir='ltr'>ς.</span> <span class='ocrx_word' id='word_1_509' title='bbox 1268 4059 1333 4139; x_wconf 88' lang='lat' dir='ltr'>illi,</span> <span class='ocrx_word' id='word_1_510' title='bbox 1359 4063 1474 4159; x_wconf 82' lang='lat' dir='ltr'>quibus</span> <span class='ocrx_word' id='word_1_511' title='bbox 1498 4083 1562 4130; x_wconf 89' lang='lat' dir='ltr'>non</span> <span class='ocrx_word' id='word_1_512' title='bbox 1585 4058 1626 4155; x_wconf 81' lang='lat' dir='ltr'>est</span> <span class='ocrx_word' id='word_1_513' title='bbox 1646 4069 1844 4156; x_wconf 76' lang='lat' dir='ltr'>argeutum,</span> <span class='ocrx_word' id='word_1_514' title='bbox 1866 4063 1901 4130; x_wconf 76' lang='lat' dir='ltr'>dc</span> <span class='ocrx_word' id='word_1_515' title='bbox 1924 4059 2065 4154; x_wconf 81' lang='lat' dir='ltr'>grauiter</span> <span class='ocrx_word' id='word_1_516' title='bbox 2091 4077 2144 4127; x_wconf 89' lang='lat' dir='ltr'>re·</span> 
     </span>
     <span class='ocr_line' id='line_1_39' title="bbox 359 4151 2144 4254; baseline -0.002 -26"><span class='ocrx_word' id='word_1_517' title='bbox 359 4165 521 4253; x_wconf 76' lang='lat' dir='ltr'>adquam</span> <span class='ocrx_word' id='word_1_518' title='bbox 545 4154 695 4225; x_wconf 86' lang='lat' dir='ltr'>inuitauit</span> <span class='ocrx_word' id='word_1_519' title='bbox 711 4152 895 4253; x_wconf 64' lang='lat' dir='ltr'>stratilites,</span> <span class='ocrx_word' id='word_1_520' title='bbox 920 4154 1050 4224; x_wconf 83' lang='lat' dir='ltr'>dicent:</span> <span class='ocrx_word' id='word_1_521' title='bbox 1087 4157 1130 4230; x_wconf 91' lang='lat' dir='ltr'><em>V</em></span> <span class='ocrx_word' id='word_1_522' title='bbox 1126 4157 1227 4229; x_wconf 84' lang='lat' dir='ltr'>etrite,</span> <span class='ocrx_word' id='word_1_523' title='bbox 1268 4159 1542 4254; x_wconf 88' lang='lat' dir='ltr'>prehendunrur,</span> <span class='ocrx_word' id='word_1_524' title='bbox 1565 4161 1619 4253; x_wconf 83' lang='lat' dir='ltr'>qui</span> <span class='ocrx_word' id='word_1_525' title='bbox 1643 4161 1826 4250; x_wconf 80' lang='lat' dir='ltr'>adpendunt</span> <span class='ocrx_word' id='word_1_526' title='bbox 1843 4159 2048 4251; x_wconf 80' lang='lat' dir='ltr'>pecuniam,</span> <span class='ocrx_word' id='word_1_527' title='bbox 2073 4151 2144 4224; x_wconf 84' lang='lat' dir='ltr'>boe</span> 
     </span>
     <span class='ocr_line' id='line_1_40' title="bbox 361 4247 2144 4355; baseline -0.004 -28"><span class='ocrx_word' id='word_1_528' title='bbox 361 4258 505 4331; x_wconf 79' lang='lat' dir='ltr'>comedite</span> <span class='ocrx_word' id='word_1_529' title='bbox 522 4273 642 4346; x_wconf 85' lang='lat' dir='ltr'>punem</span> <span class='ocrx_word' id='word_1_530' title='bbox 661 4274 788 4329; x_wconf 80' lang='lat' dir='ltr'>meatu.</span> <span class='ocrx_word' id='word_1_531' title='bbox 811 4249 858 4324; x_wconf 52' lang='grc' dir='ltr'>ξφ</span> <span class='ocrx_word' id='word_1_532' title='bbox 874 4250 966 4319; x_wconf 80' lang='lat' dir='ltr'>bibite</span> <span class='ocrx_word' id='word_1_533' title='bbox 984 4255 1117 4332; x_wconf 82' lang='lat' dir='ltr'>vinum,</span> <span class='ocrx_word' id='word_1_534' title='bbox 1144 4258 1230 4348; x_wconf 83' lang='lat' dir='ltr'>quod</span> <span class='ocrx_word' id='word_1_535' title='bbox 1269 4254 1339 4346; x_wconf 83' lang='lat' dir='ltr'>eli,</span> <span class='ocrx_word' id='word_1_536' title='bbox 1360 4256 1418 4355; x_wconf 86' lang='lat' dir='ltr'>qui</span> <span class='ocrx_word' id='word_1_537' title='bbox 1431 4277 1567 4351; x_wconf 87' lang='lat' dir='ltr'>opetum</span> <span class='ocrx_word' id='word_1_538' title='bbox 1587 4250 1721 4325; x_wconf 88' lang='lat' dir='ltr'>suorum</span> <span class='ocrx_word' id='word_1_539' title='bbox 1734 4257 1849 4326; x_wconf 89' lang='lat' dir='ltr'>metita</span> <span class='ocrx_word' id='word_1_540' title='bbox 1864 4255 1906 4326; x_wconf 92' lang='lat' dir='ltr'>ad</span> <span class='ocrx_word' id='word_1_541' title='bbox 1924 4251 2077 4326; x_wconf 76' lang='lat' dir='ltr'>llateram</span> <span class='ocrx_word' id='word_1_542' title='bbox 2092 4247 2144 4326; x_wconf 76' lang='lat' dir='ltr'>di:</span> 
     </span>
     <span class='ocr_line' id='line_1_41' title="bbox 359 4346 2144 4449; baseline -0.003 -25"><span class='ocrx_word' id='word_1_543' title='bbox 359 4355 470 4449; x_wconf 72' lang='lat' dir='ltr'>tufini</span> <span class='ocrx_word' id='word_1_544' title='bbox 489 4354 587 4422; x_wconf 83' lang='lat' dir='ltr'>uobis.</span> <span class='ocrx_word' id='word_1_545' title='bbox 613 4347 691 4446; x_wconf 86' lang='lat' dir='ltr'>Joh.</span> <span class='ocrx_word' id='word_1_546' title='bbox 706 4351 761 4419; x_wconf 87' lang='lat' dir='ltr'>tv.</span> <span class='ocrx_word' id='word_1_547' title='bbox 783 4372 836 4427; x_wconf 92' lang='lat' dir='ltr'>t4.</span> <span class='ocrx_word' id='word_1_548' title='bbox 859 4349 927 4442; x_wconf 77' lang='lat' dir='ltr'>Qui</span> <span class='ocrx_word' id='word_1_549' title='bbox 939 4349 1051 4421; x_wconf 79' lang='lat' dir='ltr'>biberit</span> <span class='ocrx_word' id='word_1_550' title='bbox 1068 4375 1109 4423; x_wconf 80' lang='lat' dir='ltr'>ex</span> <span class='ocrx_word' id='word_1_551' title='bbox 1127 4374 1229 4447; x_wconf 79' lang='lat' dir='ltr'>aqua,</span> <span class='ocrx_word' id='word_1_552' title='bbox 1268 4355 1335 4425; x_wconf 83' lang='lat' dir='ltr'>uini</span> <span class='ocrx_word' id='word_1_553' title='bbox 1357 4352 1467 4445; x_wconf 86' lang='lat' dir='ltr'>judicii</span> <span class='ocrx_word' id='word_1_554' title='bbox 1487 4348 1666 4449; x_wconf 87' lang='lat' dir='ltr'>adpendere</span> <span class='ocrx_word' id='word_1_555' title='bbox 1683 4353 1815 4448; x_wconf 89' lang='lat' dir='ltr'>cupiunt</span> <span class='ocrx_word' id='word_1_556' title='bbox 1828 4402 1842 4430; x_wconf 85' lang='lat'><em>,</em></span> <span class='ocrx_word' id='word_1_557' title='bbox 1872 4351 2013 4448; x_wconf 82' lang='lat' dir='ltr'>ideoque</span> <span class='ocrx_word' id='word_1_558' title='bbox 2028 4346 2144 4448; x_wconf 80' lang='lat' dir='ltr'>¹patulo</span> 
     </span>
     <span class='ocr_line' id='line_1_42' title="bbox 360 4445 2145 4552; baseline -0.002 -29"><span class='ocrx_word' id='word_1_559' title='bbox 360 4479 457 4552; x_wconf 81' lang='lat' dir='ltr'>quam</span> <span class='ocrx_word' id='word_1_560' title='bbox 478 4475 535 4548; x_wconf 87' lang='lat' dir='ltr'>ego</span> <span class='ocrx_word' id='word_1_561' title='bbox 551 4449 632 4518; x_wconf 73' lang='lat' dir='ltr'>dabo</span> <span class='ocrx_word' id='word_1_562' title='bbox 645 4445 702 4527; x_wconf 66' lang='lat' dir='ltr'>eij</span> <span class='ocrx_word' id='word_1_563' title='bbox 720 4471 784 4521; x_wconf 78' lang='lat' dir='ltr'>uon</span> <span class='ocrx_word' id='word_1_564' title='bbox 793 4447 886 4548; x_wconf 75' lang='lat' dir='ltr'>fitiet</span> <span class='ocrx_word' id='word_1_565' title='bbox 907 4448 943 4514; x_wconf 90' lang='lat' dir='ltr'>in</span> <span class='ocrx_word' id='word_1_566' title='bbox 964 4459 1153 4524; x_wconf 79' lang='lat' dir='ltr'>aeter-nunt,</span> <span class='ocrx_word' id='word_1_567' title='bbox 1168 4450 1231 4547; x_wconf 77' lang='lat' dir='ltr'>fed</span> <span class='ocrx_word' id='word_1_568' title='bbox 1291 4449 1342 4523; x_wconf 85' lang='lat' dir='ltr'>0st</span> <span class='ocrx_word' id='word_1_569' title='bbox 1357 4449 1497 4522; x_wconf 84' lang='lat' dir='ltr'>additur:</span> <span class='ocrx_word' id='word_1_570' title='bbox 1522 4475 1579 4549; x_wconf 85' lang='lat' dir='ltr'>ego</span> <span class='ocrx_word' id='word_1_571' title='bbox 1588 4445 1708 4545; x_wconf 62' lang='lat' dir='ltr'>,stienti</span> <span class='ocrx_word' id='word_1_572' title='bbox 1722 4453 1804 4521; x_wconf 81' lang='lat' dir='ltr'>debu</span> <span class='ocrx_word' id='word_1_573' title='bbox 1822 4453 1944 4550; x_wconf 84' lang='lat' dir='ltr'>gratis.</span> <span class='ocrx_word' id='word_1_574' title='bbox 1995 4447 2057 4541; x_wconf 80' lang='lat' dir='ltr'>t.)</span> <span class='ocrx_word' id='word_1_575' title='bbox 2073 4447 2145 4520; x_wconf 78' lang='lat' dir='ltr'>Re·</span> 
     </span>
     <span class='ocr_line' id='line_1_43' title="bbox 361 4475 2140 4647; baseline -0.003 -24"><span class='ocrx_word' id='word_1_576' title='bbox 361 4577 469 4647; x_wconf 81' lang='lat' dir='ltr'>aquo.</span> <span class='ocrx_word' id='word_1_577' title='bbox 493 4571 591 4646; x_wconf 79' lang='lat' dir='ltr'>quum</span> <span class='ocrx_word' id='word_1_578' title='bbox 607 4570 665 4642; x_wconf 83' lang='lat' dir='ltr'>ego</span> <span class='ocrx_word' id='word_1_579' title='bbox 680 4548 708 4615; x_wconf 89' lang='lat' dir='ltr'>ei</span> <span class='ocrx_word' id='word_1_580' title='bbox 728 4551 808 4618; x_wconf 82' lang='lat' dir='ltr'>dubo</span> <span class='ocrx_word' id='word_1_581' title='bbox 820 4592 831 4625; x_wconf 88' lang='lat'>,</span> <span class='ocrx_word' id='word_1_582' title='bbox 843 4541 912 4637; x_wconf 73' lang='lat' dir='ltr'>fiet</span> <span class='ocrx_word' id='word_1_583' title='bbox 925 4547 960 4614; x_wconf 87' lang='lat' dir='ltr'>in</span> <span class='ocrx_word' id='word_1_584' title='bbox 977 4569 1011 4615; x_wconf 89' lang='lat' dir='ltr'>eo</span> <span class='ocrx_word' id='word_1_585' title='bbox 1019 4547 1103 4642; x_wconf 82' lang='lat' dir='ltr'>sent</span> <span class='ocrx_word' id='word_1_586' title='bbox 1120 4570 1229 4644; x_wconf 78' lang='lat' dir='ltr'>aquae</span> <span class='ocrx_word' id='word_1_587' title='bbox 1268 4475 1399 4619; x_wconf 77' lang='lat' dir='ltr'>lensio</span> <span class='ocrx_word' id='word_1_588' title='bbox 1415 4548 1456 4618; x_wconf 90' lang='lat' dir='ltr'>ad</span> <span class='ocrx_word' id='word_1_589' title='bbox 1472 4546 1582 4619; x_wconf 89' lang='lat' dir='ltr'>locum</span> <span class='ocrx_word' id='word_1_590' title='bbox 1599 4546 1738 4619; x_wconf 80' lang='lat' dir='ltr'>Danielis</span> <span class='ocrx_word' id='word_1_591' title='bbox 1750 4548 1824 4619; x_wconf 87' lang='lat' dir='ltr'>data</span> <span class='ocrx_word' id='word_1_592' title='bbox 1837 4572 1910 4620; x_wconf 88' lang='lat' dir='ltr'>ueta</span> <span class='ocrx_word' id='word_1_593' title='bbox 1923 4543 2057 4646; x_wconf 89' lang='lat' dir='ltr'>quidem</span> <span class='ocrx_word' id='word_1_594' title='bbox 2070 4545 2140 4619; x_wconf 80' lang='lat' dir='ltr'>est.</span> 
     </span>
     <span class='ocr_line' id='line_1_44' title="bbox 204 4574 2141 4748; baseline -0.003 -28"><span class='ocrx_word' id='word_1_595' title='bbox 204 4671 206 4676; x_wconf 84' lang='lat'>·</span> <span class='ocrx_word' id='word_1_596' title='bbox 350 4652 500 4748; x_wconf 73' lang='lat' dir='ltr'>fitiientit</span> <span class='ocrx_word' id='word_1_597' title='bbox 521 4650 555 4716; x_wconf 89' lang='lat' dir='ltr'>in</span> <span class='ocrx_word' id='word_1_598' title='bbox 576 4647 677 4715; x_wconf 85' lang='lat' dir='ltr'>uitam</span> <span class='ocrx_word' id='word_1_599' title='bbox 697 4657 872 4716; x_wconf 72' lang='lat' dir='ltr'>numnam.</span> <span class='ocrx_word' id='word_1_600' title='bbox 923 4643 969 4710; x_wconf 86' lang='lat' dir='ltr'>Ex</span> <span class='ocrx_word' id='word_1_601' title='bbox 989 4643 1037 4714; x_wconf 85' lang='lat' dir='ltr'>his</span> <span class='ocrx_word' id='word_1_602' title='bbox 1058 4651 1095 4717; x_wconf 74' lang='grc' dir='ltr'>δε</span> <span class='ocrx_word' id='word_1_603' title='bbox 1118 4643 1231 4717; x_wconf 86' lang='lat' dir='ltr'>limili·</span> <span class='ocrx_word' id='word_1_604' title='bbox 1270 4574 1322 4716; x_wconf 69' lang='lat' dir='ltr'>ild</span> <span class='ocrx_word' id='word_1_605' title='bbox 1337 4649 1403 4716; x_wconf 87' lang='lat' dir='ltr'>aim</span> <span class='ocrx_word' id='word_1_606' title='bbox 1417 4650 1594 4744; x_wconf 84' lang='lat' dir='ltr'>argumenti</span> <span class='ocrx_word' id='word_1_607' title='bbox 1609 4641 1706 4716; x_wconf 87' lang='lat' dir='ltr'>nollri</span> <span class='ocrx_word' id='word_1_608' title='bbox 1722 4644 1806 4715; x_wconf 84' lang='lat' dir='ltr'>nulla</span> <span class='ocrx_word' id='word_1_609' title='bbox 1823 4672 1860 4718; x_wconf 86' lang='lat' dir='ltr'>ex</span> <span class='ocrx_word' id='word_1_610' title='bbox 1875 4665 1965 4743; x_wconf 88' lang='lat' dir='ltr'>parte</span> <span class='ocrx_word' id='word_1_611' title='bbox 1976 4639 2141 4742; x_wconf 83' lang='lat' dir='ltr'>infringit.</span> 
     </span>
     <span class='ocr_line' id='line_1_45' title="bbox 359 4734 2143 4841; baseline -0.006 -21"><span class='ocrx_word' id='word_1_612' title='bbox 359 4748 418 4821; x_wconf 87' lang='lat' dir='ltr'>bus</span> <span class='ocrx_word' id='word_1_613' title='bbox 455 4745 532 4814; x_wconf 81' lang='lat' dir='ltr'>lotia</span> <span class='ocrx_word' id='word_1_614' title='bbox 560 4739 764 4812; x_wconf 82' lang='lat' dir='ltr'>manifestum</span> <span class='ocrx_word' id='word_1_615' title='bbox 793 4739 858 4821; x_wconf 86' lang='lat' dir='ltr'>ell,</span> <span class='ocrx_word' id='word_1_616' title='bbox 892 4759 947 4833; x_wconf 86' lang='lat' dir='ltr'>pet</span> <span class='ocrx_word' id='word_1_617' title='bbox 973 4734 1099 4814; x_wconf 87' lang='lat' dir='ltr'>fontem</span> <span class='ocrx_word' id='word_1_618' title='bbox 1125 4736 1228 4841; x_wconf 88' lang='lat' dir='ltr'>ipsum</span> <span class='ocrx_word' id='word_1_619' title='bbox 1271 4746 1305 4814; x_wconf 84' lang='lat' dir='ltr'>Si</span> <span class='ocrx_word' id='word_1_620' title='bbox 1322 4745 1408 4815; x_wconf 85' lang='lat' dir='ltr'>enirn</span> <span class='ocrx_word' id='word_1_621' title='bbox 1422 4741 1537 4815; x_wconf 86' lang='lat' dir='ltr'>nolitia</span> <span class='ocrx_word' id='word_1_622' title='bbox 1551 4742 1672 4834; x_wconf 83' lang='lat' dir='ltr'>juliitiis</span> <span class='ocrx_word' id='word_1_623' title='bbox 1689 4742 1865 4840; x_wconf 89' lang='lat' dir='ltr'>nequidem</span> <span class='ocrx_word' id='word_1_624' title='bbox 1881 4737 2062 4839; x_wconf 86' lang='lat' dir='ltr'>temporale</span> <span class='ocrx_word' id='word_1_625' title='bbox 2083 4737 2143 4810; x_wconf 89' lang='lat' dir='ltr'>ali·</span> 
     </span>
     <span class='ocr_line' id='line_1_46' title="bbox 360 4833 2144 4936; baseline -0.004 -22"><span class='ocrx_word' id='word_1_626' title='bbox 360 4844 544 4914; x_wconf 85' lang='lat' dir='ltr'>Christum,</span> <span class='ocrx_word' id='word_1_627' title='bbox 560 4862 617 4934; x_wconf 91' lang='lat' dir='ltr'>per</span> <span class='ocrx_word' id='word_1_628' title='bbox 629 4862 766 4936; x_wconf 87' lang='lat' dir='ltr'>aquam.</span> <span class='ocrx_word' id='word_1_629' title='bbox 779 4843 891 4909; x_wconf 82' lang='lat' dir='ltr'>uinum</span> <span class='ocrx_word' id='word_1_630' title='bbox 904 4843 940 4906; x_wconf 76' lang='grc' dir='ltr'>δι</span> <span class='ocrx_word' id='word_1_631' title='bbox 955 4835 1003 4905; x_wconf 85' lang='lat' dir='ltr'>lac</span> <span class='ocrx_word' id='word_1_632' title='bbox 1013 4840 1228 4911; x_wconf 83' lang='lat' dir='ltr'>omniaCbri&#39;·</span> <span class='ocrx_word' id='word_1_633' title='bbox 1255 4838 1360 4936; x_wconf 85' lang='lat' dir='ltr'>¹quod</span> <span class='ocrx_word' id='word_1_634' title='bbox 1375 4839 1588 4928; x_wconf 86' lang='lat' dir='ltr'>beneficium,</span> <span class='ocrx_word' id='word_1_635' title='bbox 1636 4838 1704 4910; x_wconf 88' lang='lat' dir='ltr'>nale</span> <span class='ocrx_word' id='word_1_636' title='bbox 1717 4833 1936 4916; x_wconf 82' lang='lat' dir='ltr'>fuit&#39;liberario</span> <span class='ocrx_word' id='word_1_637' title='bbox 1952 4863 1991 4910; x_wconf 87' lang='lat' dir='ltr'>ex</span> <span class='ocrx_word' id='word_1_638' title='bbox 2006 4841 2144 4914; x_wconf 86' lang='lat' dir='ltr'>eaurivi·</span> 
     </span>
     <span class='ocr_line' id='line_1_47' title="bbox 318 4865 2144 5054; baseline -0.004 -39"><span class='ocrx_word' id='word_1_639' title='bbox 318 4961 323 4966; x_wconf 90' lang='lat'>·</span> <span class='ocrx_word' id='word_1_640' title='bbox 359 4943 397 5016; x_wconf 81' lang='lat' dir='ltr'>ui</span> <span class='ocrx_word' id='word_1_641' title='bbox 413 4938 586 5023; x_wconf 85' lang='lat' dir='ltr'>beneficia,</span> <span class='ocrx_word' id='word_1_642' title='bbox 609 4931 769 5035; x_wconf 79' lang='lat' dir='ltr'>quaesunt</span> <span class='ocrx_word' id='word_1_643' title='bbox 786 4934 893 5018; x_wconf 83' lang='lat' dir='ltr'>fides,</span> <span class='ocrx_word' id='word_1_644' title='bbox 919 4930 1062 5008; x_wconf 86' lang='lat' dir='ltr'>temissio</span> <span class='ocrx_word' id='word_1_645' title='bbox 1080 4954 1231 5036; x_wconf 85' lang='lat' dir='ltr'>peccato·</span> <span class='ocrx_word' id='word_1_646' title='bbox 1270 4956 1359 5020; x_wconf 82' lang='lat' dir='ltr'>tate,</span> <span class='ocrx_word' id='word_1_647' title='bbox 1380 4935 1520 5013; x_wconf 86' lang='lat' dir='ltr'>adscribi</span> <span class='ocrx_word' id='word_1_648' title='bbox 1540 4865 1671 5037; x_wconf 74' lang='lat' dir='ltr'>petel,</span> <span class='ocrx_word' id='word_1_649' title='bbox 1705 4959 1826 5037; x_wconf 84' lang='lat' dir='ltr'>quanto</span> <span class='ocrx_word' id='word_1_650' title='bbox 1845 4925 2144 5054; x_wconf 73' lang='lat' dir='ltr'>incomparabiliter</span> 
     </span>
     <span class='ocr_line' id='line_1_48' title="bbox 1021 5057 2147 5112; baseline -0.003 -2"><span class='ocrx_word' id='word_1_651' title='bbox 1021 5087 1025 5094; x_wconf 91' lang='lat'><em>-</em></span> <span class='ocrx_word' id='word_1_652' title='bbox 2032 5057 2147 5112; x_wconf 75' lang='lat' dir='ltr'>munus</span> 
     </span>
    </p>
   </div>
   <div class='ocr_carea' id='block_1_10' title="bbox 0 0 2454 5809">
    <p class='ocr_par' dir='ltr' id='par_1_14' title="bbox 0 0 2454 5809">
     <span class='ocr_line' id='line_1_49' title="bbox 0 0 2454 5809; baseline 0 3"><span class='ocrx_word' id='word_1_653' title='bbox 0 0 2454 5809; x_wconf 95' lang='lat' dir='ltr'> </span> 
     </span>
    </p>
   </div>
  </div>
 </body>
</html>
