4900 5809
339 355 411 445 146
552 353 554 359 ·
746 431 748 436 ,
994 335 1572 414 Loc1xvttt.cmt.v111.

337 553 417 604 otoo
444 525 584 596 veritatis
613 517 718 621 specie
739 545 779 594 ex
804 545 885 593 vote
908 505 1083 618 dignitatis
1102 523 1215 592 metita
1261 521 1336 596 ciiii,
1361 520 1515 613 quonium
1529 518 1622 613 digni
1636 515 1736 589 babiti
1750 529 1844 588 nant
1856 514 2137 613 κατηξιώθησαν)

256 691 258 696 .
334 617 379 727 pr¹
392 629 467 722 pria
482 625 610 694 stabiliri
631 615 783 720 possunt?
809 617 1031 690 Salineronius
1049 624 1082 692 in
1092 644 1214 691 comm.
1252 643 1320 715 pru
1336 622 1461 689 nomine
1476 615 1550 712 Iesu
1565 620 1787 688 coutumeliam
1795 621 1894 710 pati,
1921 619 2042 690 turm.
2052 620 2104 691 1.2
2110 641 2140 698 9.

335 726 416 804 Col.
436 728 461 794 l.
478 721 556 820 disp.
574 726 615 793 ΙΙ.
665 722 776 817 Digni
804 721 971 795 dicimur,
998 722 1052 789 ubi
1073 720 1216 791 baeredi-
1260 715 1305 788 lie
1317 718 1504 812 exponitur:
1529 718 1615 787 vobis
1639 721 1794 788 donatum
1820 710 2055 812 estixuelefftr
2073 743 2140 812 pru

331 839 387 897 tes
402 823 497 894 nullis
512 821 626 918 eripitis
638 820 762 893 meritis
781 820 870 891 nobis
882 820 1015 892 obvenit.
1258 816 1410 911 Christo,
1439 840 1504 886 non
1522 814 1632 910 solam
1659 828 1698 885 ut
1714 819 1748 886 in
1763 840 1835 886 eum
1850 821 2006 899 credatis,
2021 817 2086 913 sed
2100 829 2139 888 ut

1256 919 1353 986 etium
1364 939 1430 1010 pro
1446 915 1499 985 illo
1514 917 1716 1007 patiamini:
1741 913 1796 984 ubi
1816 914 2010 987 vocabulum
2025 907 2140 1007 xdet·

382 1019 422 1121 ὃ.
447 1019 597 1098 CXXII·
624 1016 799 1115 Exquibus
823 1014 973 1085 omnibus
997 1013 1213 1088 ntauisestisst·
1254 1020 1335 1109 r&
1360 1021 1393 1086 dt
1415 1014 1589 1109 gratuitum
1610 1010 1687 1084 fidei
1708 1009 1835 1084 domum
1853 1011 1991 1085 omnem
2023 1018 2136 1088 meriti

333 1147 387 1195 me
408 1114 565 1218 adparet,
592 1117 681 1216 quod
699 1130 927 1211 argumentum
947 1111 1132 1185 bellarmini
1152 1140 1212 1212 pto
1252 1107 1467 1210 suspicionem
1496 1108 1675 1185 excludunt.
1707 1112 1854 1183 antaee
1880 1112 1980 1189 XIII.
2009 1137 2062 1186 ta.
2089 1111 2138 1186 0.

314 1223 491 1302 ,ιιιειὶιίεο
517 1241 609 1288 erum
626 1238 665 1285 ex
679 1238 761 1284 voce
781 1212 951 1311 dignitatis
967 1215 1121 1307 petitum,
1144 1239 1211 1284 non
1252 1216 1379 1282 mnibus
1397 1212 1478 1280 idem
1484 1212 1684 1308 facientibus
1697 1217 1716 1308 (
1731 1211 1793 1286 reri
1811 1205 2135 1316 καταξιωσᾶιτωι)

331 1316 372 1392 fit
388 1243 519 1389 adsenll
540 1314 701 1411 dignum,
728 1335 788 1380 nec
817 1312 1001 1381 uberiorem
1028 1309 1211 1406 responsio·
1258 1308 1305 1384 87
1326 1311 1510 1404 petentibus
1532 1311 1762 1404 mistricordem
1788 1309 1970 1383 Dominum
1989 1312 2065 1390 &n
2091 1315 2138 1384 itu
2190 1355 2193 1360 ·

331 1442 406 1487 nem
421 1433 590 1487 mereatur.
641 1413 846 1482 Excutiumus
868 1413 1022 1478 tamenin
1045 1403 1149 1507 specie
1164 1409 1212 1479 di·
1252 1407 1394 1480 reddidit
1408 1406 1533 1505 vulgata
1552 1406 1669 1483 versio.
2154 1419 2160 1444 ¹

200 1531 204 1540 ¹
332 1513 383 1586 tia
400 1513 473 1599 illa,
498 1516 610 1610 quaein
628 1509 768 1580 medium
783 1505 925 1603 protulit.
984 1507 1035 1598 ι.)
1059 1509 1212 1590 Lchr.

330 1638 400 1684 non
414 1616 520 1711 agitur
532 1610 574 1681 de
587 1607 738 1679 mercede
754 1625 806 1675 aut
823 1604 980 1704 dignitate
995 1611 1209 1690 vitaeaeternae,
1300 1601 1337 1704 ᾗ
1365 1606 1532 1684 CXXIII.
1560 1607 1736 1702 Septimum
1755 1616 1791 1680 dc
1809 1605 1858 1677 ul·

231 1791 233 1797 ,
329 1707 385 1784 sed
400 1712 443 1782 de
464 1711 549 1780 vidbu
563 1707 775 1805 quotidian03
800 1703 845 1776 fic
861 1708 947 1776 enim
963 1704 1081 1776 hubent
1095 1707 1209 1776 verba:
1249 1706 1364 1774 timam
1411 1729 1678 1803 argumentorum
1727 1699 1855 1778 classem
1903 1703 1959 1800 75)
1982 1702 2133 1849 θεῖαί

329 1815 374 1885 Ire
388 1814 613 1881 redamantem
625 1811 718 1877 dumo
732 1817 856 1874 ntanete
868 1802 1208 1891 ermembertus,
1250 1800 1415 1874 constituit
1437 1804 1645 1876 bellarminus
1667 1831 1707 1876 ex
1728 1804 1789 1876 illis
1810 1804 1856 1876 lo·
1899 1787 2089 1868 msfflsfflx
2188 1873 2192 1883 Ι

330 1934 414 2010 quoe
427 1913 549 1979 duntur
562 1908 602 1976 ab
615 1906 699 1984 illm
726 1908 843 2000 dignus
864 1905 948 1972 enim
972 1901 1013 1997 est
1038 1906 1208 1997 operarius
1247 1904 1293 1974 cie
1310 1952 1322 1977 ‚
1350 1902 1509 1998 inquibus
1526 1902 1645 1975 dicitur
1660 1907 1751 1997 Deus
1764 1903 1861 1998 judex
1908 1883 2134 2029 'aas'

329 2012 468 2080 mercede
476 2006 556 2101 sua.
582 2004 706 2076 Matth.
726 2003 766 2074 X.
787 2024 841 2074 ιο.
866 2000 922 2069 ubi
945 2000 1059 2070 eadem
1086 1996 1207 2072 senten·
1248 1998 1387 2091 julius&
1401 2001 1856 2098 nonucceptorpersonnrum.

330 2107 535 2187 dehabetur,
563 2100 615 2172 fic·
638 2099 802 2171 redditur:
836 2101 958 2197 digeret
981 2099 1207 2193 estoperartus
1248 2102 1350 2170 Rom.
1376 2101 1421 2176 II.
1448 2126 1500 2171 ιι.
1528 2100 1738 2197 Nonestucce
1761 2103 2131 2199 lioperfhnerttmupeed
2169 2121 2181 2138 ‘

329 2207 395 2278 ribo
401 2204 487 2298 suo,
512 2199 634 2272 ibidem
650 2197 779 2269 additur
793 2224 823 2269 v.
846 2214 876 2269 t.
897 2202 1008 2297 gratis
1024 2199 1206 2295 accepistis,
1246 2202 1376 2274 Deum.
1402 2200 1492 2299 quod
1512 2201 1716 2296 repetiturb
1753 2203 1824 2272 .X.
1846 2224 1902 2281 3⁴.
1935 2198 2008 2274 Gal.
2030 2203 2073 2275 lt.
2094 2211 2130 2276 6,

325 2307 436 2403 gratie
457 2306 542 2371 date.
594 2300 651 2372 Sin
669 2322 710 2368 eo
721 2294 809 2368 sensu
825 2296 950 2366 dicium
972 2295 1049 2368 illud
1078 2291 1208 2368 udfera-
1249 2302 1348 2374 1Pet.
1364 2303 1388 2367 1.
1404 2323 1455 2382 ιγ.
1484 2299 1535 2371 At
1555 2304 1691 2392 acceptio
1714 2299 1990 2397 perfhnarumest
2011 2303 2130 2372 uitium

328 2421 399 2483 tur,
423 2399 513 2498 quod
530 2400 592 2469 vite
609 2420 726 2466 reterna
745 2393 784 2465 fit
800 2419 921 2465 merces
946 2394 1038 2466 bonis
1054 2398 1205 2492 operibus
1244 2400 1444 2467 eontrarium
1465 2398 1614 2497 justitiae
1635 2398 2131 2494 distributivae,1eumvidelirtt

274 2491 280 2504 ⁸
327 2498 457 2576 debita,
483 2496 563 2568 stcut
583 2499 615 2563 in
632 2496 696 2564 hoe
710 2489 818 2565 seculo
835 2497 989 2589 operariis
1001 2489 1055 2564 sua
1073 2493 1206 2566 debetur
1235 2499 1345 2597 judex
1376 2501 1434 2566 det
1457 2499 1643 2590 proemium
1661 2500 1734 2595 fine
1761 2502 1906 2580 m'eritis5
1931 2511 1993 2570 atet
2017 2504 2131 2600 majus

329 2621 476 2675 merces,
503 2592 636 2692 quilibet
650 2591 878 2662 animadvertit
892 2593 1057 2688 ingentem
1075 2588 1205 2666 effedis-
1238 2598 1425 2688 praemium
1442 2598 1620 2665 minoribus
1634 2600 1772 2681 meritis,
1794 2601 1844 2667 uel
1854 2611 1977 2694 cantv.
2028 2602 2130 2674 Deae

327 2700 499 2797 puritatem
513 2696 597 2763 inter
615 2693 782 2788 operarios
805 2694 868 2762 Dei
891 2698 926 2763 bt
956 2692 1124 2788 operarios
1145 2692 1206 2760 ho·
1245 2696 1349 2791 igitur
1362 2697 1396 2764 in
1413 2698 1622 2765 retributione
1636 2701 1861 2789 praemiorum
1884 2702 2002 2768 merita
2023 2698 2128 2770 bomi-

200 2791 209 2798 ”
327 2797 480 2873 minum,
507 2796 589 2886 inter
606 2788 791 2861 mercedem
810 2787 1024 2884 temporalem
1042 2797 1076 2863 dt
1094 2791 1206 2860 inaesli-
1244 2817 1322 2864 rurae
1350 2795 1545 2891 confideret,
1571 2794 1619 2868 ff
1636 2820 1703 2889 pro
1732 2800 1921 2866 meriturum
1942 2800 2130 2895 diverfitate

200 2965 203 2974 ,
244 2934 246 2937 -
326 2891 445 2967 mabile
473 2892 594 2962 bonum
620 2890 692 2959 vitae
716 2905 848 2959 atetnae.
912 2890 970 2977 a.)
1003 2888 1076 2982 Sap.
1099 2891 1152 2957 lil.
1175 2914 1204 2969 5.
1246 2897 1332 2962 uitae
1385 2907 1534 2963 aeternae
1577 2898 1752 2994 rtagdonrs
1792 2896 1952 2992 dissignat.
2028 2892 2129 2994 Resp.

326 2996 436 3090 egitur
452 2990 492 3062 de
507 2988 663 3086 dignitate
677 2991 827 3086 gratiae,
855 3011 922 3055 non
952 3010 1060 3055 autom
1074 2992 1181 3057 meriti
1189 3014 1204 3069 ;
1251 2990 1313 3078 1.)
1338 2991 1416 3062 Nun
1435 3016 1605 3088 negamus,
1620 2995 1726 3064 Deum
1750 2997 1783 3062 in
1807 2991 2020 3068 retributione
2041 3020 2127 3091 prae-

324 3090 510 3161 immediate
533 3090 619 3156 enim
643 3084 783 3182 sequitur
805 3112 832 3154 v.
860 3109 893 3178 9.
921 3088 988 3179 Qui
1006 3086 1204 3180 confiderunt
1245 3094 1391 3159 miorum
1411 3090 1450 3161 ad
1467 3115 1585 3187 opera,
1612 3088 1771 3188 pasfionee
1791 3099 1826 3165 bt
1851 3097 2028 3166 certamina
2047 3087 2126 3166 san-

296 3245 298 3250 .
325 3194 360 3262 itt
372 3190 444 3267 illo,
470 3188 567 3258 intelli
592 3199 646 3257 ent
665 3189 860 3272 veritatem,
887 3184 1055 3278 &fideles
1074 3190 1107 3254 in
1129 3188 1201 3255 dile·
1219 3243 1228 3254 .
1244 3188 1371 3260 diorum
1386 3184 1558 3286 tespicete,
1585 3199 1620 3262 δι
1636 3215 1697 3286 pro
1713 3188 1893 3263 diverfitate
1909 3216 2022 3264 eorum
2031 3217 2126 3264 man.

287 3371 289 3380 Ι
323 3288 426 3362 itinere
443 3213 720 3381 adquirssentilli,
746 3287 899 3380 quoniam
918 3286 1033 3380 gratia
1049 3283 1096 3357 ἔθ’
1112 3290 1155 3352 mi
1171 3312 1202 3354 e·
1241 3285 1345 3358 tiones
1366 3290 1438 3357 vitre
1454 3307 1576 3358 rtetnae
1593 3286 1790 3388 adsignare,
1816 3290 1967 3369 horest,
1993 3285 2126 3364 diversa
2190 3283 2193 3290 ¹

323 3388 464 3459 ricordia
484 3388 518 3456 in
529 3383 747 3478 sanHiseites.
798 3384 921 3450 Tentat
943 3385 1028 3450 Deus
1050 3378 1142 3468 suos,
1166 3402 1201 3452 ut
1242 3390 1375 3478 premia
1404 3383 1618 3472 distribuere3
1661 3393 1726 3481 (ita
1751 3392 1840 3459 enim
1873 3390 1957 3462 banc
1990 3388 2124 3487 phrasin

323 3511 379 3557 eos
395 3481 424 3555 se
438 3483 554 3580 dignos
570 3484 735 3567 inveniet3
758 3481 846 3551 idem
862 3503 941 3548 veto
963 3477 1103 3576 suggerit
1124 3480 1198 3577 ipsis
1240 3477 1306 3578 ipse
1337 3480 1546 3555 Bellarminus
1587 3488 1704 3583 accipit
1743 3485 1814 3558 libr.
1854 3490 1911 3563 Ill.
1947 3487 1990 3560 de
2021 3486 2121 3576 iuliis.

322 3588 404 3655 vitet
420 3613 439 3668 ,*
456 3602 489 3652 ut
503 3583 711 3650 tentationem
728 3574 1007 3675 sufferrepollint‚
1032 3576 1197 3651 &steron
1241 3605 1309 3677 cap.
1335 3592 1384 3651 16.
1401 3596 1430 3670 ς.
1455 3584 1631 3679 Denique,
1665 3586 1720 3657 ubi
1747 3612 1785 3658 ex
1814 3585 1906 3659 didio
1927 3588 2000 3673 Joh,
2015 3583 2122 3667 XIV,

321 3681 401 3754 alios
423 3683 545 3752 invenit
560 3677 700 3774 dignos,
722 3677 779 3749 nist
801 3703 883 3774 quos
906 3702 944 3746 ex
960 3682 1063 3768 gratia
1079 3676 1197 3776 dignos
1240 3683 1283 3750 In
1296 3686 1389 3751 domo
1403 3686 1515 3775 patris
1528 3687 1588 3754 mei
1600 3688 1774 3784 manſsores
1798 3686 2026 3781 multeestent,
2043 3711 2123 3784 pro.

319 3776 408 3852 fecit.
459 3783 520 3864 3.)
549 3775 699 3850 uTltels.
718 3780 741 3846 l.
760 3801 791 3857 ς.
824 3779 903 3847 Luc.
927 3773 1008 3849 XX.
1027 3799 1081 3855 35.
1110 3804 1198 3852 teur-
1240 3779 1293 3848 bat
1327 3784 1457 3872 premia
1480 3784 1514 3851 in
1538 3779 1622 3853 errlo
1637 3809 1705 3853 non
1729 3778 1793 3853 else
1819 3785 1936 3879 paria)
1973 3786 2120 3881 proinde
2172 3847 2190 3858 .,

316 3875 478 3973 'effridae
500 3876 612 3946 latinus
629 3879 785 3970 interpres
800 3874 930 3968 ipsemet
948 3879 1045 3945 vertit
1060 3881 1194 3972 dignum
1239 3876 1406 3948 conclusio
1426 3883 1516 3970 hujus
1538 3886 1720 3979 argumenti
1742 3907 1810 3952 non
1832 3880 1877 3951 esl
1900 3881 2025 3957 diredle
2046 3881 2142 3957 sen··

211 3992 213 3996 ’
318 3978 459 4057 tabern
486 3998 580 4073 aqua
596 3970 739 4044 verdone
753 3971 950 4043 Bellarmino
966 3974 1115 4044 recedere
1127 4002 1194 4046 non
1237 3981 1340 4047 tentiae
1363 3978 1479 4047 no'llrae
1503 3976 1661 4075 opposita.
1714 3977 1772 4073 a.)
1798 3979 1930 4052 Idvero
1954 3984 2000 4054 est
2023 3971 2118 4084 quud

317 4073 415 4156 licet,
442 4068 501 4144 nili
518 4075 689 4142 anathema
706 4070 937 4142 Tridentinum
960 4072 1123 4143 incurrere
1141 4100 1194 4145 ve·
1237 4099 1414 4172 negamus,
1441 4102 1539 4172 opera
1555 4075 1676 4148 scilicet
1701 4079 1775 4164 itta,
1809 4076 1967 4176 passiones
1989 4092 2024 4156 &
2044 4108 2120 4156 cer.

315 4172 363 4245 lit.
391 4162 538 4244 u'l‘hels.
554 4174 580 4245 1.
604 4194 655 4239 ιι.
679 4174 721 4241 Ιιι
737 4193 799 4266 quo
815 4172 913 4240 etium
918 4168 1047 4265 semper
1060 4197 1193 4246 oramus
1235 4173 1425 4245 taminailla
1456 4182 1586 4271 piorum
1619 4174 1679 4251 esse
1715 4184 1922 4274 premiorum
1955 4178 2116 4274 illorum,

310 4297 377 4370 pro
393 4275 496 4350 uobis,
521 4284 561 4341 ut
573 4275 725 4369 dignetur
736 4294 792 4339 uos
808 4264 941 4367 α’ξιώσῃ
958 4273 1119 4341 vocatione
1123 4273 1192 4367 sua
1235 4272 1382 4371 adeoque
1396 4273 1493 4370 ipsius
1513 4278 1584 4345 vitae
1604 4297 1726 4345 aterne
1755 4280 1919 4347 meritoria
1939 4304 1976 4351 ex
1997 4282 2118 4353 eondi-

315 4372 412 4444 Deus
424 4368 526 4465 noster
541 4369 612 4444 &a
638 4388 669 4438 at
685 4373 888 4439 vocationem
907 4392 966 4462 per
980 4374 1093 4439 merita
1114 4397 1192 4470 ope·
1232 4396 1319 4467 gn03
1345 4375 1437 4441 novit
1453 4370 1519 4443 hoc
1547 4369 1614 4469 ipse
1638 4372 1871 4464 bellarminus,
1897 4373 2055 4475 liquidem
2072 4405 2116 4454 ex

313 4495 386 4541 rum
404 4518 416 4550 ,
440 4473 570 4565 proprie
589 4468 631 4538 fic
650 4465 753 4551 ditia,
776 4464 914 4535 obtineri
931 4464 1106 4564 polse‚ipse
1123 4468 1190 4543 Bel·
1231 4467 1413 4565 Augustann
1426 4465 1628 4541 conseffione
1651 4476 1780 4572 eiusque
1802 4472 1954 4571 apologia
1967 4477 2116 4564 noslraut

312 4566 465 4639 larminus
501 4584 606 4661 negat.
638 4567 755 4639 Matth.
778 4563 895 4660 XXII.
927 4580 956 4634 8.
985 4571 1087 4636 uocati
1124 4594 1189 4639 uon
1232 4561 1422 4637 sententiam
1442 4572 1554 4637 recitat
1572 4572 1636 4639 hoc
1659 4576 1763 4641 modo
1787 4571 1859 4643 libr.
1889 4581 1927 4648 V.
1950 4573 2114 4667 deiullif.

313 4679 408 4739 erunt
424 4667 530 4761 digni,
554 4665 667 4741 idest,
694 4666 778 4733 Deus
796 4663 944 4759 dignatus
959 4659 1041 4758 ipsos
1055 4689 1189 4736 eratvo-
1230 4690 1298 4762 cap.
1318 4690 1351 4741 1.
1378 4667 1572 4761 Aduersserii
1589 4672 1719 4748 dicunt,
1746 4667 2117 4775 operabonnjustorue'e

312 4768 468 4841 catione,
507 4760 657 4861 dignatur
694 4760 826 4832 eosdem
860 4765 924 4831 vita
954 4778 1092 4839 aeterun,
1135 4762 1188 4837 sed
1223 4761 1351 4860 placere
1367 4766 1440 4836 Deo
1459 4767 1506 4842 87
1522 4765 1578 4863 effe
1594 4771 1759 4839 meritorio
1778 4775 2031 4864 praemiorum,
2047 4777 2114 4873 sed

310 4860 370 4962 ipst
382 4858 590 4936 reddiderunt
611 4855 643 4930 se
672 4880 841 4931 contemtu
858 4854 916 4930 suo
934 4862 1096 4960 indignos.
1113 4861 1186 4936 lldl.
1229 4859 1352 4934 addant
1372 4869 1434 4933 duo
1464 4877 1737 4961 temperamenta;
1763 4893 1900 4965 quorum
1920 4897 2024 4946 auum
2040 4877 2113 4973 est,

224 4987 227 4992 ·
309 4963 423 5064 Vm·
445 4958 574 5060 apostoli
593 4963 684 5036 ibant
695 4963 913 5063 guudmtesa
932 4963 1096 5060 conspersa
1117 4987 1188 5036 corr·
1228 4987 1324 5061 opero
1339 4966 1422 5038 bona
1437 4960 1496 5064 effe
1518 4968 1685 5040 meritorio
1696 4973 1922 5063 praemiorum
1944 4985 2114 5150 temppra·

843 5089 845 5094 ’
1980 5115 1983 5120 ·
2043 5079 2111 5154 'ure

283 5334 343 5392 A
