4900 5809
351 339 423 440 arr
487 355 493 368 ’
586 358 593 377 ·
746 423 748 426 ,
1044 347 1561 428 noctitiacaitvti.

352 561 431 613 num
456 527 628 606 conserens
649 525 794 633 respedlu
807 526 971 633 sagmenti
993 539 1029 607 dc
1052 529 1234 607 conflrma-
1281 531 1627 633 tempusanicChrisii
1641 528 1814 608 adrentum
1834 535 2155 613 &incarnationem

354 639 452 711 tionis
468 632 565 709 fidel,
584 650 839 729 eetmorumque
854 633 1041 713 donorum,
1067 659 1138 729 quae
1154 654 1231 702 cuin
1280 632 1456 729 aliquando
1471 658 1548 705 veto
1562 638 1695 730 padium
1708 632 1784 706 illud
1796 634 1920 733 legale,
1938 641 1972 709 in
1989 664 2058 737 quo
2073 641 2155 711 Deus

354 734 598 834 regeneratione
627 732 802 810 cobserent.
852 733 1052 806 Accedamus
1078 736 1235 830 propiora
1279 734 1518 805 obl‘ermntilius
1542 730 1650 829 legem
1680 731 1830 829 promisit
1864 739 1965 808 vitam
1993 757 2155 813 aeternam.

353 828 528 931 baptismus
541 827 708 905 confertur
723 832 821 903 etiam
833 829 913 919 illis,
936 834 1077 929 quiante
1092 834 1158 926 ejus
1179 822 1231 900 su·
1279 840 1309 902 A
1327 832 1516 905 tellaitiento
1537 835 1634 902 veteri
1654 835 1764 926 priore
1783 826 1874 904 sensu
1893 859 2036 935 accepto
2063 861 2156 908 cvan-

352 928 550 1028 sceptionem
561 954 634 1001 vera
650 928 716 1000 fide
733 931 766 997 in
781 928 946 1002 Cbrilluni
960 954 1168 1028 peccatorum
1181 951 1232 1000 re·
1278 931 1394 1028 geliaas
1408 931 1448 1003 de
1466 929 1596 1001 Christo
1614 939 1648 1003 δι
1669 936 1679 1000 i
1705 928 1766 1000 sius
1789 931 1952 1008 mueficiis
1972 933 2157 1031 promisso·

354 1028 539 1104 missionem
551 1050 759 1126 acceperunt,
788 1031 896 1126 ecquis
913 1053 992 1101 vero
1009 1028 1231 1124 indecollige·
1280 1055 1335 1103 nes
1350 1029 1516 1102 excludere
1536 1030 1582 1099 est
1609 1052 1649 1099 eis
1672 954 1876 1104 simillimis
1905 1034 2100 1132 patriarchis
2124 1042 2155 1109 dt

354 1157 389 1205 re
409 1131 548 1229 poterit,
573 1122 737 1225 baptismo
753 1154 821 1198 non
843 1122 906 1200 else
921 1130 1067 1202 additam
1089 1134 1230 1228 promis·
1280 1135 1447 1226 prophetis
1468 1127 1608 1199 carnales
1628 1134 1662 1200 dt
1686 1128 1871 1202 mundanos
1889 1133 2044 1205 hominos
2071 1126 2155 1205 sace·

354 1229 479 1302 sionem
493 1226 534 1301 de
548 1224 735 1301 remissione
748 1238 981 1325 peccatorum?
1006 1230 1086 1325 quin
1106 1234 1177 1297 imo
1195 1250 1231 1297 ut
1280 1253 1336 1305 ro,
1363 1254 1425 1322 qua
1445 1229 1487 1299 de
1507 1250 1542 1298 re
1560 1222 1617 1301 suo
1635 1226 1713 1298 loco
1742 1227 1867 1303 dicium
1895 1227 1959 1302 suit
1985 1233 2156 1306 uberrime.

354 1330 488 1429 Spiritus
502 1321 625 1399 sandius
638 1350 695 1423 per
707 1324 903 1424 baptismum
916 1331 950 1398 iu
966 1328 1116 1399 cordibus
1126 1322 1232 1396 infan·
1281 1332 1440 1423 Quaniuir
1458 1330 1541 1397 enim
1549 1332 1665 1423 gratio
1677 1328 1743 1398 Dei
1751 1342 1928 1422 promanat
1945 1355 1987 1401 err
2003 1354 2079 1402 stou.
2093 1334 2154 1415 tell.

356 1452 426 1500 tum
443 1441 594 1523 operatur
607 1420 732 1500 fidem,
759 1450 928 1524 perquam
945 1424 1131 1499 remissionis
1155 1451 1232 1523 pec·
1279 1452 1351 1500 rain
1373 1434 1563 1519 impetretur
1582 1432 1669 1497 nadis
1680 1450 1742 1520 per
1757 1428 1921 1524 Clirijlam
1935 1433 2071 1530 ejusque
2082 1456 2156 1523 pas-

356 1545 503 1598 catorum
520 1525 687 1622 participes
705 1523 804 1612 fiunt,
830 1527 863 1595 in
885 1525 1034 1597 cordibus
1047 1524 1229 1618 adultorum
1269 1532 1393 1629 florem
1416 1526 1462 1601 θ’
1479 1537 1635 1596 raonem:
1660 1540 1768 1596 tainen
1782 1530 1853 1622 ipsa
1875 1529 1930 1598 illu
1951 1530 2021 1599 Dei
2041 1535 2156 1630 gratia

356 1624 556 1698 credentibus
577 1622 714 1694 eandem
736 1622 913 1694 confirmat
936 1632 969 1697 dt
988 1622 1159 1722 obsignat:
1186 1630 1229 1693 ita
1276 1652 1350 1698 euin
1366 1625 1525 1718 adjunctis
1538 1624 1774 1721 berieficiissait
1794 1629 2060 1723 atriqaepmulo
2079 1653 2156 1700 com·

271 1775 274 1781 .
356 1750 487 1822 quoque
505 1726 537 1794 in
558 1719 797 1794 circumcisione
817 1748 867 1794 res
881 1718 943 1796 sese
958 1726 1064 1795 habet.
1114 1725 1230 1793 sacra·
1278 1732 1406 1814 meinis,
1430 1730 1551 1795 virtute
1561 1723 1629 1818 saa
1651 1728 1750 1795 etiam
1764 1724 1907 1819 retrose
1927 1729 2101 1798 extenderis
2115 1734 2154 1798 ad

265 1840 269 1849 '
355 1848 464 1906 menta
480 1846 547 1893 non
561 1816 664 1892 solum
680 1815 751 1891 sunt
769 1820 875 1893 media
894 1822 1066 1893 excitanda
1081 1828 1116 1894 dc
1130 1846 1230 1916 gene·
1277 1852 1384 1897 oniiies
1401 1849 1476 1902 eoi,
1500 1823 1626 1918 quistis
1641 1838 1703 1896 vet.
1721 1822 1786 1911 teti.
1800 1825 1967 1896 credebant
1989 1831 2024 1896 iii
2043 1841 2154 1897 venta-

301 1990 313 2006 ,
355 1921 482 2008 rindae,
507 1920 560 1993 sed
572 1926 607 1993 dt
619 1916 851 1992 confirmanda
863 1944 959 2019 atque
971 1919 1175 2018 obsignandas
1189 1922 1229 1993 li·
1277 1950 1353 1996 rum
1367 1926 1528 2017 Meffiam,
1554 1947 1590 1993 ut
1602 1922 1691 1994 rodis
1707 1920 1814 1997 scribit
1828 1922 1983 2001 Huunius
2005 1926 2099 2002 trusi.
2116 1928 2152 1998 de

357 2018 440 2106 eicis
472 2020 503 2090 id
532 2014 673 2117 superius
700 2018 927 2090 declaravimus
960 2017 1110 2116 exemplo
1140 2024 1229 2094 verbi
1276 2019 1413 2097 sacram.
1430 2049 1456 2093 c.
1481 2044 1511 2090 2.
1530 2046 1562 2119 q.
1581 2046 1616 2105 7.

357 2143 389 2215 p:
401 2119 534 2193 adiecti.
582 2118 631 2187 Ex
646 2120 745 2188 verbo
758 2143 914 2213 tanquam
928 2116 1164 2213 incorruptibili
1185 2115 1230 2192 se·

357 2222 443 2290 mine
458 2210 671 2299 renascimur,
692 2218 819 2287 interim
838 2235 946 2287 tamen
959 2217 1232 2313 pradicatiover·
1327 2217 1368 2320 §.
1396 2218 1566 2297 LXVIII.
1598 2214 1663 2290 Sed
1690 2218 1767 2315 quid
1799 2219 1858 2291 fiet
1882 2219 2090 2319 promissioni
2114 2223 2153 2294 illi

358 2322 390 2389 bi
408 2346 474 2389 non
492 2318 535 2386 esi
549 2300 649 2387 inaiiis
670 2314 763 2386 sonus
786 2321 869 2389 circa
888 2313 983 2393 illos,
1010 2319 1065 2413 qui
1084 2315 1231 2408 jamdum
1277 2318 1571 2415 tiereevangelicae:
1595 2319 1668 2387 Ero
1681 2319 1777 2389 Deus
1793 2333 1871 2391 taus
1886 2321 1934 2397 δ’
1955 2324 2153 2417 Deurfimi·

356 2421 490 2514 regeniis
505 2415 595 2493 sunt,
621 2410 674 2486 sed
693 2415 835 2486 medium
849 2413 926 2487 lidei
939 2415 1091 2513 angendae
1106 2421 1140 2488 dt
1153 2442 1232 2487 con·
1277 2422 1328 2490 nis
1342 2422 1392 2489 tiri
1403 2468 1417 2496 ,
1444 2442 1543 2516 quani
1567 2413 1800 2491 circumcisioni
1829 2417 1984 2493 adnexam
2012 2418 2079 2492 elle
2093 2421 2152 2494 sole

356 2515 533 2588 firmanda.
557 2512 693 2587 Tettio:
720 2520 754 2584 in
777 2518 1017 2614 eircuinristanis
1038 2514 1234 2610 iefiitatione
1279 2516 1462 2590 meridiano
1479 2513 1593 2587 clarius
1611 2513 1677 2586 etit
1691 2514 1901 2593 bellarminus
1913 2524 2051 2601 invenit,
2067 2520 2153 2620 quod

358 2621 579 2687 tantirmmodo
593 2614 765 2709 mentiofit
774 2616 984 2708 proiniffionis
998 2617 1171 2707 corporalis
1185 2613 1233 2690 θ’
1278 2638 1461 2714 regeneret:
1491 2616 1554 2704 1.)
1580 2616 1682 2684 verbis
1705 2614 1755 2687 liis
1780 2643 1845 2689 non
1865 2620 2055 2721 significari
2076 2645 2154 2716 pro·

304 2750 311 2766 ν
357 2728 503 2787 terrenae
518 2720 555 2784 ale
577 2716 838 2808 multiplicatione
851 2716 985 2811 seminis
1001 2713 1047 2787 &7
1059 2711 1234 2810 poffeffione
1279 2719 1444 2810 rmffionem
1460 2717 1856 2810 remiffionirpereotortim
1871 2721 1923 2789 vel
1940 2724 2028 2791 vitae
2046 2733 2152 2792 ortm-

271 2862 274 2871 s
357 2827 465 2886 terrae
493 2815 644 2887 Catianis.
695 2817 789 2911 Ergo
819 2815 1040 2913 eircumciſsoni
1070 2838 1134 2882 non
1157 2815 1235 2908 fuit
1279 2840 1360 2895 nae,
1376 2814 1437 2909 sed
1452 2826 1582 2885 tantum
1591 2817 1766 2907 peculiarii
1781 2820 1921 2917 ejusdem
1932 2819 2152 2914 protessionir,

352 2918 484 2986 ‘adnexa
493 2913 653 3009 promifflo
673 2913 709 2983 de
727 2913 896 3006 remiffione
934 2926 1110 2984 erratorum
1127 2912 1174 2987 87
1186 2916 1235 2984 tii-
1278 2916 1382 3010 qualis
1396 2915 1524 2983 debetur
1536 2914 1656 3007 populo
1670 2917 1848 3007 peculiari,
1886 2923 2045 3014 quomodo
2063 2920 2153 2990 Deris

356 3026 395 3085 tii
413 3027 555 3084 aeterna.
609 3006 705 3109 Resp.
726 3016 874 3108 quamvis
895 2937 1072 3109 spirituales
1094 3016 1236 3108 promis·
1278 3016 1437 3083 maloram
1453 3013 1617 3105 inpopaso
1641 3012 2010 3111 IsraelitirofaitDeas.
2060 3013 2153 3116 Resp.

356 3107 462 3185 fioncs
485 3109 539 3183 sub
558 3108 730 3183 involucris
747 3108 967 3207 corporalium
995 3113 1105 3207 primis
1133 3114 1234 3208 patri·
1279 3110 1475 3182 ostendimus
1492 3108 1631 3203 superius
1655 3137 1691 3181 ex
1719 3113 1891 3186 collatione
1919 3112 2153 3213 scripturarum

358 3210 416 3282 bus
434 3210 552 3282 literint
573 3208 775 3308 propositae,
805 3234 844 3279 ex
867 3234 908 3279 eo
924 3228 1033 3279 tamen
1054 3234 1125 3282 cuin
1148 3216 1234 3280 itna-
1277 3235 1390 3281 verum
1408 3204 1533 3279 sensum
1547 3212 1640 3298 hujus
1654 3208 1883 3307 promissionis.
1931 3216 2153 3287 Concedimus

359 3307 500 3409 baptistis
521 3333 588 3379 non
603 3306 648 3378 esi
661 3304 888 3397 inserendum,
912 3306 1001 3406 quod
1016 3302 1087 3377 sula
1101 3333 1234 3381 terrenae
1277 3308 1443 3408 peculiaris
1468 3310 1678 3403 proteciionis
1698 3308 1945 3407 promissionem
1967 3311 2030 3385 illia
2052 3316 2152 3386 verbis

358 3403 582 3506 promissiones
600 3402 672 3501 ipsis
686 3402 775 3478 data.
826 3406 996 3477 Promissio
1016 3406 1057 3477 de
1080 3407 1234 3504 multipIi·
1277 3411 1457 3483 contineri,
1481 3406 1536 3484 sed
1557 3407 1637 3477 nihil
1658 3409 1836 3504 quidquam
1850 3431 1965 3506 praeter
1984 3435 2151 3510 tempora·

357 3512 484 3579 catione
508 3501 640 3579 seminis
670 3500 824 3577 inclusam
851 3503 950 3577 habet
981 3502 1233 3604 promissionem
1276 3506 1439 3580 lemillam
1454 3506 1693 3602 protediionem
1712 3506 1773 3579 illis
1796 3508 1902 3581 verbis
1917 3512 2092 3608 promitti,
2119 3510 2151 3583 id

359 3604 480 3680 Chrisli
502 3618 542 3678 ex
562 3607 694 3702 posteris
718 3602 858 3675 Abrabae
887 3602 1067 3692 nascituri,
1104 3609 1233 3703 inquo
1278 3630 1356 3679 vero
1370 3628 1532 3702 negamus.
1583 3605 1753 3676 Peculiaris
1774 3603 1826 3677 illa
1873 3612 2014 3682 roteslio
2056 3614 2153 3683 ratio·

358 3721 475 3778 omnes
501 3729 613 3803 gentes
646 3701 704 3774 snt
732 3702 965 3777 benedicendae.
993 3702 1061 3775 Gal.
1088 3704 1149 3780 III.
1180 3701 1344 3779 16.‘sam
1368 3707 1431 3776 Dei
1458 3700 1733 3776 inhabitationem
1748 3704 1832 3776 iuclu
1858 3712 1906 3787 it,
1931 3713 2040 3806 gratio
2092 3712 2153 3781 Dei

358 3809 486 3879 Fatetur
499 3800 563 3902 ipse
579 3803 782 3875 Bellarminus
796 3857 804 3889 ,
820 3804 1052 3896 promiffionein
1071 3818 1235 3875 terrenam
1275 3804 1465 3875 inhabitatio
1487 3804 1781 3875 reconciliationem
1803 3804 2043 3904 praesupponit,
2077 3814 2152 3908 quia

350 3902 453 4006 finffe
456 3904 610 4003 figuram
625 3904 835 3997 pramiffioni'i
848 3903 968 3998 celestis
991 3902 1039 3979 θ’
1048 3904 1235 3998 spiritualis
1276 3902 1475 3975 incordibus
1499 3902 1646 3973 nondum
1672 3900 1728 3972 sibi
1749 3904 2033 3978 reconciliatorum
2063 3911 2152 3979 Deus

235 4066 238 4073 .
359 4009 486 4078 dandae
498 4006 579 4088 illis,
605 4004 663 4099 qui
677 4026 741 4071 non
754 4001 915 4096 carnesed
927 4006 1019 4073 corde
1036 4005 1234 4073 circumcide·
1276 4028 1344 4075 non
1357 4001 1516 4071 inhabitat
1544 3998 1596 4069 sua
1612 4007 1711 4099 grana
1728 4027 1738 4090 ;
1763 4003 1986 4076 reconciliatio
2009 4004 2149 4102 prasup·

359 4118 495 4188 rentur,
520 4106 613 4196 idque
632 4099 839 4195 patriarchas
856 4149 868 4189 ,
888 4103 1069 4195 prophetas
1088 4101 1135 4174 s?
1151 4104 1233 4178 alios
1276 4104 1368 4202 ponit
1388 4123 1596 4197 peccatorum
1613 4098 1858 4179 remissionem,
1884 4107 2062 4200 quiaDeus
2076 4130 2150 4177 cum

359 4208 448 4277 tiiros
458 4198 618 4299 perfectos
633 4203 718 4271 illias
744 4204 897 4293 temporis
920 4199 1119 4298 intellexissm
1145 4200 1233 4272 addit
1276 4203 1406 4273 nemine
1424 4201 1458 4269 in
1471 4204 1609 4296 gratiam
1626 4199 1728 4284 redit,
1759 4199 1819 4270 nis
1842 4206 1927 4297 prius
1944 4209 2151 4276 remittantur

340 4323 469 4375 ·autem
484 4350 494 4381 ,
511 4301 618 4396 stilari
639 4300 867 4393 promifflonem
892 4312 1053 4370 terrenam
1073 4306 1118 4371 ad
1139 4313 1232 4370 aetus
1275 4318 1430 4400 peccata,
1455 4322 1537 4394 qaae
1553 4303 1636 4368 inter
1652 4300 1761 4371 Deam
1778 4299 1824 4375 ds
1837 4302 1977 4376 bamines
1994 4308 2150 4377 dividant.

220 4407 222 4412 '
332 4402 584 4501 affirmentum
603 4403 763 4493 pertinere
785 4397 832 4473 ἔθ’
846 4403 1045 4469 contrarium
1067 4401 1230 4495 adserere,
1275 4396 1347 4471 Esa.
1367 4421 1423 4477 59.
1444 4421 1474 4468 2.
1500 4396 1681 4468 absurdum
1696 4399 1866 4495 igiturest,
1890 4398 2051 4499 infignem
2064 4401 2149 4476 Illam

357 4500 627 4675 ppeniiilalinm
649 4524 746 4595 quam
761 4499 882 4595 exlege
902 4501 1232 4597 evangeliumsaeere.
1275 4493 1523 4668 ptoiuissioneni
1545 4496 1585 4567 de
1613 4495 1835 4595 corporalibus
1861 4507 1895 4574 dt
1917 4501 2149 4599 temporalibus

391 4599 453 4699 esp.
470 4601 511 4670 de
524 4595 708 4669 discrimine
723 4597 800 4694 legis
817 4606 851 4668 dr
866 4601 1044 4695 evangelii,
1067 4604 1114 4669 uti
1130 4605 1164 4670 dt
1181 4623 1231 4669 ve·
1298 4594 1438 4668 encliciis
1462 4597 1692 4667 tautummodo
1715 4595 1917 4696 intelligere,
1951 4624 2027 4672 cum
2049 4602 2148 4673 Chri·

358 4705 489 4775 terisac
511 4700 588 4768 novi
608 4697 805 4775 testamenii,
831 4698 955 4793 egimus
978 4701 1011 4766 in
1031 4696 1168 4769 trasiatu
1190 4698 1231 4768 de
1274 4694 1337 4765 llus
1359 4721 1395 4763 cit
1413 4696 1516 4766 verbis
1536 4694 1612 4766 illis:
1647 4699 1721 4793 Ego
1732 4696 1810 4793 suni
1831 4701 1926 4770 Desit
1954 4701 2149 4791 AErabam,

357 4796 524 4897 evangelio
541 4794 703 4875 laetfine,
716 4794 771 4872 ubi
784 4793 1004 4872 ostendimus,
1017 4822 1088 4896 quae
1102 4803 1137 4868 &
1149 4820 1228 4894 qua·
1275 4798 1370 4869 Deus
1386 4795 1494 4889 Istinc,
1524 4795 1616 4864 Deus
1629 4797 1741 4890 Jacob
1757 4798 1862 4869 Exod.
1885 4797 1947 4874 III.
1962 4805 1995 4873 6.
2019 4799 2149 4900 colligat

229 4897 235 4918 ⁸
357 4898 401 4973 les
416 4898 476 4972 siut
491 4899 652 4995 utriusque
663 4895 841 4966 testamenti
855 4892 1089 4989 promissiones.
1112 4896 1230 4965 Nomi·
1274 4895 1397 4964 Matth.
1419 4892 1535 4969 XXII.
1566 4916 1623 4969 aa.
1662 4893 1907 4977 Abrahaniuin,
1950 4895 2095 4971 isaacum
2114 4906 2148 4972 dt

356 5024 399 5072 ne
425 5018 488 5071 vet.
512 4994 582 5069 test.
600 4991 771 5095 aliquando
803 4988 992 5090 intelligitur
1019 5009 1130 5069 totum¹
1150 4990 1230 5065 illud
1272 4992 1427 5081 Jacobum
1440 4992 1513 5091 poll
1531 5016 1675 5069 mortem
1692 4991 1799 5067 adbuc
1818 4998 1939 5072 rivere.
1989 4998 2063 5071 Nec
2084 5002 2148 5171 egid,

666 5142 669 5150 .
2042 5125 2102 5199 ‘qu
