4900 5809
402 387 450 476 ce
975 360 1150 439 rocus
1174 353 1723 441 nummus-cremum
1760 339 1765 346 '

427 576 469 620 uo
488 550 624 645 pertinet
636 541 761 646 phrasis
789 540 841 618 illa
858 545 1003 620 levitica:
1030 541 1187 620 Sacerdos
1205 541 1282 631 sart-
1323 539 1454 625 deado
1484 542 1635 641 iudiciali.
1689 542 1849 618 Alterum
1876 540 2060 616 membrum
2076 519 2206 639 'patebit

327 733 336 740 ,
398 577 559 747 diifimhit
578 648 761 743 leprosum,
786 645 821 717 id
840 644 1062 734 emendum
1084 648 1284 746 pronuncia·
1325 671 1361 716 ex
1390 647 1608 745 argumentis,
1637 670 1709 742 quae
1728 670 1788 741 pro
1805 641 1951 739 formali
1972 636 2205 735 justificationis

402 749 472 825 bit:
499 746 696 852 quandoque
714 772 793 818 vero
811 751 970 843 accipitur
992 771 1054 846 pro
1070 748 1282 819 renovatione
1327 743 1420 819 cauit
1438 745 1571 818 iuferius
1592 745 1824 843 producentur.
1850 744 1885 813 Si
1905 747 1973 843 quis
1994 738 2207 814 fundamenta

401 849 469 927 five
494 850 692 923 inhaerentis
714 846 886 920 ruffinus
907 848 1115 920 inchoatione
1139 870 1176 917 ac
1201 869 1283 915 con·
1324 846 1499 946 apostolica
1527 850 1560 917 in
1583 845 1933 942 totobocargumento
1955 836 2219 941 expendendc(

401 953 588 1026 tiouacionc.
618 977 636 1021 2
664 951 742 1020 Cor.
769 951 838 1019 Vll.
864 971 891 1016 t.
912 946 1119 1041 perficiemus
1129 941 1285 1040 surdili-
1324 945 1524 1044 prehendet,
1552 972 1623 1019 non
1661 941 1729 1018 oss'e
1750 940 2206 1042 fignificationcmillameum

397 1049 558 1125 cerionem
576 1047 651 1124 &a
668 1051 703 1124 si
726 1046 775 1119 vei
798 1050 936 1120 maxime
949 1041 1285 1141 sandlilrcaresempcr
1326 1043 1370 1117 eir
1384 1046 1563 1119 conciliari.
1654 1042 1972 1118 trtivmmembrum
1993 1039 2207 1140 conspicuum

397 1148 487 1226 idem
512 1146 729 1246 significaret,
758 1148 851 1245 quod
880 1150 1081 1219 inhaerentis
1109 1141 1282 1216 [arcebit-atis
1325 1144 1369 1216 cii
1393 1172 1433 1219 ex
1463 1144 1579 1242 anaiysr
1610 1146 1801 1221 dierorum,
1827 1148 1862 1213 in
1883 1149 1998 1240 quibus
2019 1136 2207 1239 justificatio

399 1249 513 1322 habitu
534 1250 677 1328 donare,
704 1272 773 1317 non
791 1246 898 1319 iamen
922 1246 1010 1319 idem
1027 1247 1067 1319 de
1078 1242 1283 1347 justificandi
1326 1271 1393 1318 non
1420 1245 1524 1345 potest
1550 1269 1613 1345 pro
1643 1244 1805 1317 infulione
1833 1243 1954 1335 iustitiae
1983 1247 2107 1340 accipi,
2132 1235 2208 1309 aliae

400 1371 485 1419 voce
500 1347 676 1419 dicendum
693 1341 790 1418 foret.
839 1349 875 1417 ln
891 1346 1116 1443 justificatione
1129 1350 1214 1415 enim
1224 1344 1281 1412 ho·
1326 1341 1519 1448 sequeretur,
1529 1349 1657 1443 iniquos
1666 1342 1787 1437 judices
1795 1342 1947 1436 justitiam
1961 1338 2134 1414 infundere
2146 1339 2208 1408 im·

305 1493 310 1512 t
401 1473 461 1518 mo
486 1445 602 1518 listitur
631 1443 781 1517 tribunali
805 1445 889 1535 Dei,
914 1441 1222 1542 adcusatutalege,
1249 1449 1285 1516 dc
1327 1449 1406 1546 piis,
1435 1447 1527 1516 Prov.
1551 1446 1654 1520 XVll.
1683 1465 1735 1524 ις.
1761 1440 1832 1517 Esa.
1857 1443 1903 1516 V.
1934 1465 1990 1519 2³.
2020 1440 2209 1543 publicanoa

343 1625 347 1640 .
399 1544 653 1619 reconciliandus
671 1544 715 1617 eil
739 1548 827 1642 prius
853 1548 953 1625 Deo,
980 1548 1034 1618 ubi
1056 1571 1124 1619 non
1149 1544 1285 1614 habetur
1327 1551 1404 1622 Deo
1420 1541 1592 1617 infundere
1612 1543 1785 1637 justitiam,
1814 1544 1893 1618 Luc.
1908 1543 1986 1617 ‘Vll
2023 1565 2078 1621 29.
2102 1539 2209 1639 phati-

258 1655 261 1664 '
338 1679 344 1690 ·
401 1643 1038 1743 respcdlusadinhaerentcmjussitiam,
1064 1640 1168 1717 l'edad
1190 1640 1284 1714 solius
1325 1641 1401 1718 saens
1424 1639 1590 1718 &scribas
1610 1641 1668 1715 fibi
1681 1638 1915 1740 ipsttjuliitiam
1931 1637 2114 1725 infundere,
2129 1639 2207 1707 Luc.

401 1743 526 1820 Christi
543 1749 694 1817 turritum
716 1742 782 1815 fide
796 1741 1034 1842 adprehensum
1049 1771 1062 1818 .·
1076 1741 1139 1826 ¹sed
1160 1746 1194 1812 iu
1217 1737 1285 1812 san·
1327 1747 1371 1818 X.
1398 1771 1414 1813 a
1422 1769 1453 1826 9.
1480 1769 1548 1841 cap.
1571 1744 1655 1814 XVl.
1675 1735 1858 1821 15.1irdem
1874 1736 2015 1814 absurdis
2028 1736 2210 1814 condidari

401 1845 599 1918 &illectione
616 1844 721 1915 homo
741 1841 887 1937 jamdum
914 1845 990 1917 Deo
1017 1842 1234 1917 reconciliatus
1251 1846 1285 1911 δε
1328 1850 1410 1919 lunc
1440 1842 1591 1915 vocabuli
1620 1838 1889 1940 fignificationcm
1906 1844 1940 1911 in
1956 1845 2087 1941 propria
2116 1837 2209 1929 hujus

306 1961 310 1968 '
401 1972 422 2018 a
456 1950 596 2042 peccatis
625 1968 760 2041 propter
789 1941 915 2019 Cbrilli
947 1948 1100 2022 meritum
1128 1938 1286 2013 absolutus
1327 1941 1572 2020 dodrinae'sede
1594 1937 1743 2012 suoioco
1764 1934 1896 2011 inferius
1925 1938 2213 2014 detnonitrabitue

401 2045 546 2117 donatur
563 2044 682 2141 Spiritu
707 2035 840 2120 hudo,
868 2045 923 2144 qui
945 2039 1063 2143 inipso
1091 2042 1285 2115 inchoat&
1327 2052 1604 2145 Argumentanrur
1634 2039 1776 2136 denique
1794 2038 1880 2111 hunc
1907 2043 1942 2110 in
1971 2038 2128 2114 modum:
2157 2034 2208 2125 l.)
2246 2041 2251 2048 ’

399 2141 531 2315 perficit
563 2138 865 2215 sanilificarionetu.
926 2147 1055 2243 Urgent
1079 2145 1173 2215 etiam
1190 2166 1283 2240 regu·
1325 2152 1364 2220 Si
1380 2142 1581 2246 justificatio
1605 2144 1640 2214 io
1665 2139 1871 2240 hoenegorio
1893 2161 1962 2212 non
1988 2142 2083 2213 behet
2109 2139 2208 2210 aliem

269 2297 271 2302 -
301 2265 310 2294 1
414 2268 466 2313 arn
502 2245 770 2341 grammaticam:
807 2243 923 2316 Verba
945 2248 988 2315 in.
1010 2244 1066 2330 boi
1083 2249 1224 2336 neutro,
1249 2244 1283 2312 in
1318 2239 2083 2348 fignificarionem,quamforensern,seqreitrrr,
2109 2237 2212 2308 homi·

403 2342 511 2439 hiphil
527 2341 639 2421 aelim
658 2345 724 2420 vim
741 2345 861 2443 agendi
877 2342 996 2417 labent
1011 2343 1058 2420 &²
1068 2354 1285 2437 exponamur
1324 2371 1393 2423 netu
1404 2341 1587 2445 justificari
1606 2345 1723 2439 arsque
1744 2341 1880 2440 ullasai
1903 2343 2108 2418 mutatione,
2124 2336 2212 2435 quod

252 2486 256 2492 ·
308 2525 316 2536 ,
402 2447 602 2544 perfacete.
651 2437 746 2540 Reip·
778 2441 836 2532 ι.)
862 2444 896 2515 Si
908 2442 1109 2517 velruavime
1126 2439 1285 2520 conceda
1326 2437 1737 2537 contrarietaseriprarur.
1790 2436 1886 2536 Reip.
1919 2448 1973 2534 r.)
2000 2444 2034 2513 Si
2069 2439 2210 2510 mutatio

191 2981 193 2986 '
381 3033 383 3038 ,
404 2967 492 3037 enim
509 2966 607 3034 rcrtiae
626 2960 864 3056 coniugationis
876 2960 941 3031 hoc
956 2970 1082 3031 tantum
1092 2963 1284 3053 important,

297 2638 299 2642 ,
404 2586 479 2651 tut,
503 2584 612 2636 tamen
641 2555 791 2635 nondum
813 2554 974 2658 sequitur:
1008 2546 1113 2644 P’lifb
1128 2547 1162 2627 si
1178 2554 1286 2626 nificat
1326 2549 1481 2644 accipitur
1505 2565 1567 2641 pro
1606 2542 1787 2612 mutatione
1803 2541 1938 2642 phyfico
1960 2541 2011 2614 vel
2047 2535 2213 2636 ejusmodi

402 2666 519 2762 iustum
533 2662 663 2755 facem
690 2684 772 2761 ergo
802 2676 895 2733 notat
917 2662 1041 2759 iustitiae
1069 2581 1287 2732 insudarem.-
1326 2644 1539 2733 alteratione,
1561 2666 1626 2742 qua
1654 2638 2016 2742 injustitia-experiatur
2031 2653 2066 2717 δι
2095 2640 2213 2736 justitia

220 2815 222 2820 .
405 2765 511 2861 potest
529 2768 617 2834 enim
629 2760 807 2864 quisjuiltia
822 2757 890 2834 lieri
901 2787 958 2860 per
974 2759 1100 2834 alterius
1116 2754 1283 2849 judicium,
1327 2740 1540 2820 infundatur,
1566 2764 1742 2839 negamur,
1755 2742 1914 2835 ejurvnodi
1939 2739 2155 2814 mutationem
2175 2740 2212 2809 in

262 2863 270 2933 ζ
312 2899 325 2904 -
406 2866 711 2962 pronunciationem
739 2865 776 2932 ἀ
805 2859 1081 2941 declarationem,
1107 2851 1285 2947 2.)verba
1326 2844 1395 2919 i'so
1411 2843 1484 2917 adiu
1497 2840 1740 2940 justificationis,
1779 2859 1852 2912 tout
1871 2841 2040 2933 injudicio
2055 2844 2116 2912 Dei
2131 2865 2216 2910 con·

1327 2872 1506 3031 libamem
1533 2941 1630 3018 fieri,
1657 2967 1717 3014 nec
1733 2865 1860 3036 cipi-am
1880 2937 1943 3011 tale
1958 2938 2036 3037 quid
2056 2932 2214 3038 scriptura

404 3061 496 3160 quud
516 3059 650 3161 qualitas
668 3063 780 3157 prima
802 3056 1219 3154 coniugationistribuatur
1242 3048 1289 3119 al·
1328 3038 1455 3142 adseri-t.
1505 3045 1540 3116 si
1554 3064 1632 3113 vero
1649 3041 1786 3111 mutatio
1803 3041 1961 3139 accipitur
1972 3045 2005 3111 in
2018 3062 2134 3141 geaten
2148 3064 2212 3136 pro

408 3149 537 3234 reri'vel
557 3155 698 3258 reipsa,
725 3155 775 3229 vei
807 3137 1040 3254 permissione,
1066 3154 1116 3228 vel
1140 3152 1288 3247 judicio,
1329 3141 1546 3252 qualicunque
1583 3143 1786 3225 variatione,
1817 3164 1886 3210 non
1909 3143 2124 3238 negamus‚in
2145 3132 2213 3235 ipsa

403 3257 643 3334 adseveratione
684 3265 719 3333 δ(
758 3254 969 3328 declaratione
1003 3256 1147 3330 alterius.
1196 3246 1291 3330 Vide
1330 3233 1558 3340 inilificatlffle
1579 3237 2085 3338 fieriquassdaffl'muiafiilssemi
2112 3262 2215 3335 quan·

380 3367 382 3374 '
407 3360 549 3438 Flacium
579 3384 612 3461 p.
629 3365 654 3431 1.
680 3353 759 3431 clav.
784 3378 858 3456 pag.
880 3378 963 3440 499·
1331 3342 1378 3415 d'o
1391 3343 1478 3412 enim
1492 3341 1598 3413 homo
1614 3335 1868 3437 justificatur,id
1886 3337 1950 3420 eli,
1976 3363 1993 3408 a
2012 3342 2147 3437 peccaris
2157 3334 2215 3408 ab·

1332 3435 1485 3521 solvitur,
1509 3457 1585 3510 tunc
1601 3439 1661 3512 bac
1679 3441 1802 3513 tatione
1824 3444 1941 3510 murari
1958 3438 2098 3528 dicitur,
2122 3455 2159 3508 ut
2174 3462 2213 3510 ex

459 3571 490 3652 q.
516 3558 588 3629 XV.
627 3553 744 3628 Nullus
773 3553 871 3651 igitur
891 3551 1126 3627 aBellarmino'
1152 3531 1293 3651 produci
1334 3543 1414 3614 stetu
1435 3543 1488 3612 irae
1501 3533 1711 3613 transferatur
1731 3542 1764 3609 in
1780 3540 1902 3634 ilatum·
1918 3543 2029 3637 gratiae
2046 3563 2113 3610 non
2136 3562 2214 3634 prq-

260 3699 268 3710 ··
406 3661 513 3757 potuit
534 3653 695 3756 scripturae
716 3653 826 3730 locus,
854 3654 908 3758 qui
931 3637 1290 3728 disertect'bvideuter
1333 3659 1406 3742 pter
1436 3639 1577 3746 aliqum
1607 3637 1744 3714 infusum
1768 3637 1956 3734 iustiiiflflh
1996 3634 2049 3710 sed
2078 3643 2228 3735 propter'

406 3759 578 3861 probaret,
617 3753 708 3854 quod
740 3752 917 3848 justificare·
943 3752 966 3825 st
992 3750 1100 3826 nilicct
1136 3750 1292 3847 justitiam
1332 3735 1588 3844 misericordiam
1607 3739 1667 3812 Dei
1685 3743 1718 3811 in
1737 3735 1884 3817 Christo·
1915 3735 2213 3829 2.).Vlutati0illa,

406 3853 591 3929 infundere.
620 3857 729 3952 Quare
742 3872 856 3923 eontra
892 3775 1179 3925 antideinnhuus
1197 3874 1293 3924 vom·
1331 3839 1517 3941 quihonm
1535 3836 1720 3933 justificatus
1748 3862 1859 3910 coram
1882 3841 1957 3914 Deo
1976 3835 2012 3908 iit
2028 3861 2133 3908 novus
2153 3838 2215 3908 lto·

405 3956 471 4030 buli
485 3952 731 4053 explicationem
749 3878 973 4025 concludimus
982 3952 1047 4024 hoc
1056 3882 1178 4024 mocio:
1194 3952 1292 4050 Qae·
1335 3963 1393 4013 mo
1403 3992 1415 4025 ,
1439 3963 1498 4037 per
1519 3961 1621 4035 quam
1641 3940 1778 4037 Spiritus
1801 3936 1922 4011 (aridius
1937 3959 2046 4012 novos
2059 3960 2166 4008 motus
2180 3941 2214 4009 in

357 4059 366 4070 ‘
407 4083 467 4131 cun
494 4081 533 4126 ue
557 4047 751 4151 significatio
772 4050 921 4123 vocabuli
943 4073 1011 4123 nott
1032 4050 1139 4152 potest
1161 4049 1292 4152 probari
1334 4040 1471 4113 homine
1489 4039 1634 4120 excitat,
1659 4064 1697 4109 ea
1718 4063 1784 4108 ¹10ss
1796 4039 1932 4135 pertinet
1951 4035 2016 4107 adi
2041 4031 2216 4108 semiusti·

406 4183 443 4230 ex
469 4081 664 4252 ieripturis,
706 4143 882 4245 prasertim
909 4177 949 4225 ex
983 4156 1114 4250 propria
1141 4152 1293 4246 cujusque
1334 4138 1646 4242 flectionisadlurn,
1673 4131 1785 4209 fedeli
1804 4063 2085 4236 effestusquidbtrt
2104 4136 2214 4210 adum
2249 4231 2254 4237 .

397 4245 658 4329 'clodirinaesedee
675 4243 725 4320 sed
741 4248 905 4345 illipotius
922 4259 1139 4349 repugnat,&
1157 4245 1292 4322 absurda
1334 4237 1567 4335 iustificationis
1582 4232 1788 4336 consequens·
1828 4239 1891 4326 Π.)
1918 4235 2114 4331 Deusforet
2126 4234 2217 4339 inju-

406 4351 519 4429 fecum
539 4349 659 4438 trahit,
685 4347 736 4419 illa
758 4349 930 4441 rejicienda
954 4346 1010 4420 est.
1060 4349 1153 4423 Talis
1178 4347 1223 4422 est
1253 4345 1294 4421 fi·
1327 4338 1590 4440 stusjudex,fi
1614 4335 1769 4409 domim
1790 4334 1961 4439 injustum,
1987 4338 2217 4432 lflqfllmm

407 4451 576 4553 gnificatio
596 4447 648 4522 illa
671 4445 838 4546 pontificia
845 4475 933 4551 ,qua
949 4449 1130 4543 justificatio
1160 4448 1297 4545 exponi·
1332 4443 1429 4536 privet
1444 4434 1561 4534 infuso
1582 4431 1652 4534 effit
1663 4435 1818 4541 justitia,
1838 4432 2078 4533 pronuntiaret
2077 4433 2215 4537 justum.

284 4547 313 4590 ·’
409 4576 461 4632 tur
479 4576 542 4652 pro
564 4550 690 4647 juilitiac¹
710 4544 885 4622 infusione.
935 4551 1025 4647 Ergo
1040 4546 1210 4642 rejicienda
1233 4543 1292 4632 est.
1333 4533 1496 4638 Respqni
1521 4538 1698 4609 hominem
1719 4539 1872 4633 injustum
1890 4533 1947 4606 srm
1974 4533 2122 4609 liciter&
2145 4536 2218 4608 aba·

407 4657 530 4732 Minor
551 4649 595 4722 eii
611 4647 822 4721 trimembris.
875 4648 1021 4722 Primum
1047 4646 1231 4726 membrum
1255 4669 1293 4719 ex
1333 4665 1399 4739 que
1413 4637 1481 4710 ullo
1495 4638 1729 4710 interveniente
1737 4635 1848 4711 medio
1863 4560 2085 4722 latialidiionis
2098 4636 2216 4725 justum

409 4747 596 4827 discoilione
614 4772 731 4818 eorum
743 4740 905 4843 scripturae
922 4746 1072 4820 locorum
1089 4767 1193 4845 patet,
1218 4771 1292 4844 quae
1332 4739 1547 4839 pronunciat,
1574 4738 1600 4808 is
1623 4739 1740 4808 irretito
1756 4733 1887 4832 iniustus
1907 4732 2005 4829 iudex
2021 4739 2219 4829 pronuncia·

409 4851 619 4924 Bellarminus
659 4871 721 4942 pro
759 4846 1012 4920 confirmatione
1038 4846 1098 4918 suaa
1131 4844 1291 4922 sententiae
1333 4855 1394 4910 tur.
1444 4835 1511 4914 Sed
1538 4840 1625 4908 Deus
1654 4856 1790 4936 propter
1813 4833 1937 4913 Chrilii
1963 4826 2218 4908 satisfactionem
2277 4865 2280 4878 ·

409 4953 587 5024 adduxerat
604 4996 616 5038 ,
641 4971 677 5019 ea
692 4947 777 5017 enim
795 4947 845 5024 vei
861 4973 933 5024 non
953 4950 1049 5045 petita
1069 4947 1136 5017 lunt
1153 4972 1189 5018 er
1217 4970 1294 5042 pto·
1334 4954 1465 5037 peecata
1490 4938 1746 5026 remicha-dc„

269 5069 274 5075 '
407 5057 477 5151 pria
494 5046 592 5131 leue,
622 5043 751 5126 velnon
775 5040 907 5144 poss‘utrt
924 5046 1014 5123 aliter
1035 5048 1312 5150 exponi,·quam.
1463 5109 1473 5118 .

2074 5137 2104 5229 5
2128 5136 2218 5215 XVI.
