4900 5809
822 360 895 442 ur
927 358 1146 439 mutuus
1177 340 1710 457 suerunt-:urorum
2062 390 2136 468 319

335 577 389 648 per
408 549 442 623 se
460 566 572 648 petet,
590 563 631 619 at·
645 544 852 620 bellarminus
880 544 1098 618 thuradiercm
1120 541 1211 615 illum
1257 536 1320 616 uet.
1339 542 1405 640 rest.
1438 546 1637 645 Circumriſso
1649 547 1724 642 fuit
1738 540 1861 644 figctru¹
1936 552 2106 637 relinquebas
2191 579 2192 584 κ

335 650 423 721 sunm
442 650 589 746 imprimi
605 645 685 724 dicit
704 643 880 720 omnibus,
907 645 964 739 qui
986 643 1210 741 baptizantur,
1253 643 1415 737 baptismi.
1465 648 1519 718 At
1535 647 1584 716 ille
1606 648 1800 741 relinquebat
1823 649 1857 715 iu
1907 633 2087 698 ‘imt‘l‘tm
2100 639 2133 700 ἰ·

335 747 568 822 confirmantur
600 753 635 830 dt
658 742 875 832 ordinantur,
897 739 963 812 siue
991 740 1122 814 credant
1145 737 1210 820 sure
1253 764 1383 836 corpure
1399 749 1559 838 quoddam
1576 748 1775 830 cauterium,
1795 768 1858 838 quo
1954 733 2088 799 “W‘-

330 873 398 918 non
420 854 563 938 credant.
622 841 675 925 Sic
700 843 788 914 euim
819 833 926 911 scribit
947 839 980 911 in
1000 841 1067 912 boc
1089 840 1208 938 capite:
1246 839 1500 937 praefiguratur
1523 843 1601 939 suit
1626 840 1792 913 ricrossae
1819 845 1855 912 iu

329 948 432 1015 Multi
455 968 528 1015 rum
545 935 728 1030 abstersisse
758 942 1022 1020 damnabuntur,
1049 935 1097 1013 85
1116 938 1209 1010 multi
1253 939 1365 1007 anima
1391 940 1564 1032 baptizati.
1632 938 1834 1011 Vaticinium
1869 941 2016 1013 babetur
2043 939 2126 1031 sisai.

322 1047 398 1145 fue
417 1041 599 1115 ebaraiierc
607 1039 841 1135 fialvubuutur,
890 1038 940 1109 At
954 1059 1061 1110 omues
1071 1037 1208 1133 sistuan-
1251 1034 1382 1112 Lle.
1402 1052 1454 1112 rr.
1481 1031 1601 1112 Omurs'
1612 1051 1724 1137 gentes
1738 1037 1785 1113 d?
1797 1040 1927 1139 liuguae
1944 1042 2128 1119 uenient&

327 1159 413 1220 rur,
441 1143 687 1241 quifigunutur
707 1135 825 1232 (bristi
850 1158 969 1226 crure,
992 1139 1027 1207 id
1051 1136 1113 1235 est,
1138 1138 1208 1232 qui·
1252 1135 1403 1205 videbunt
1413 1134 1556 1235 glorium
1568 1136 1742 1221 utram&
1750 1164 1874 1232 ponam
1883 1144 1916 1210 iu
1932 1143 1975 1210 eis
1980 1143 2126 1241 ſsgnum.

327 1242 582 1334 buradplicarur
608 1239 758 1307 meritum
789 1234 955 1330 crucifixi,
982 1238 1076 1336 eujus
1085 1235 1206 1333 figura
1251 1229 1349 1329 Resp.
1375 1236 1408 1304 Si
1446 1261 1485 1307 ex
1516 1233 1768 1309 circumcisione
1794 1238 1927 1337 (figure
1951 1236 2124 1337 baptismi)

334 1343 377 1434 eli
386 1343 521 1441 figurem
542 1341 645 1409 crutis
666 1342 731 1408 &c
782 1343 835 1419 7.)
868 1333 1112 1406 Testimonium
1128 1331 1206 1403 illud
1247 1334 1370 1495 petitur
1390 1332 1545 1429 probatio
1570 1335 1664 1427 hujus
1685 1336 1902 1426 characteris,
1928 1335 2124 1437 consequent

331 1443 465 1538 Spiritus
486 1431 792 1517 landrianensis,
825 1435 866 1506 de
894 1456 961 1529 quo
982 1429 1144 1529 apossolus
1171 1434 1206 1500 in
1267 1430 1408 1514 uerit,in
1429 1429 1497 1502 solo
1507 1431 1668 1530 baptismo
1678 1458 1752 1504 curn
1767 1438 1935 1532 imprimi,
1959 1462 2015 1508 aut
2030 1462 2124 1537 argu·

324 1539 376 1611 his
399 1537 495 1607 diuis
523 1533 688 1628 loquitur,
716 1525 779 1600 fuir
800 1532 897 1598 etium
915 1534 949 1599 in
963 1538 1023 1627 piis
1036 1527 1203 1614 ueteribus;
1250 1544 1400 1597 mentum
1420 1534 1561 1627 probans
1576 1547 1643 1602 erat
1669 1555 1709 1602 an
1734 1530 1831 1605 ullius
1851 1532 2024 1632 quastione
2047 1561 2125 1634 pro·
2145 1543 2155 1575 ·’

325 1643 392 1731 jum
407 1637 484 1705 vero
496 1656 594 1730 negat
609 1628 835 1715 bellarminus,
859 1623 1057 1699 sacramenta
1070 1622 1204 1700 verneti.
1250 1619 1366 1695 banda.
1419 1629 1479 1717 2.)
1505 1635 1626 1726 figura
1642 1558 1906 1728 nihisprobanr‚
1929 1632 1987 1703 nisi
2003 1661 2038 1705 ex
2052 1632 2132 1705 sena

324 1726 511 1831 impressisse
545 1728 776 1800 charaderem.
839 1732 903 1810 8.)
931 1725 1054 1799 Sed&
1085 1724 1202 1823 princi·
1247 1712 1283 1788 su
1308 1720 1421 1796 literali
1441 1728 1577 1799 firmum
1600 1730 1689 1825 priua
1724 1728 1926 1825 propositum
1949 1726 2122 1804 sitfundr·

323 1840 416 1930 pium
442 1833 559 1924 petitur
582 1832 615 1895 in
649 1842 855 1921 argumento¹
877 1822 1074 1896 bellarmini.
1123 1824 1201 1892 Cre·
1247 1836 1403 1894 mentum.
1461 1819 1694 1923 Recognoscat
1718 1824 1928 1903 Bellarminug
1954 1823 2120 1906 sumt„

325 1932 439 2000 dentes
458 1921 668 2021 obsignantur
688 1922 808 2020 Spiritu
828 1915 958 2007 santio,
980 1920 1015 1992 id
1035 1922 1100 1996 est,
1125 1923 1199 2016 Spi.
1246 1911 1320 1986 libr.
1334 1919 1390 1988 111.
1405 1917 1445 1992 de
1462 1925 1561 1994 verbo
1579 1925 1645 1995 Dei
1663 1948 1733 2017 esp.
1753 1946 1783 1999 3.
1807 1930 1921 2020 ansolo
1930 1926 2030 2023 sensu
2050 1932 2119 2004 fite.

327 2032 409 2100 ritus
436 2025 558 2096 sandius
583 2015 768 2100 effunditur¹
786 2020 827 2088 in.
850 2020 948 2091 corda
979 2018 1201 2097 credentium,
1246 2012 1310 2084 ruli
1340 2021 1506 2091 ducuntur
1509 2021 1617 2115 firma
1645 2020 1693 2095 ἔθ’
1713 2024 1889 2114 apodibliru
1912 2041 2119 2123 argumente,

324 2154 363 2197 ac
379 2123 598 2197 testimonium
615 2113 811 2217 dat'spititui
832 2112 1001 2211 ipsorum,
1029 2114 1117 2214 quod
1139 2111 1202 2188 fint
1249 2111 1310 2202 3.)
1336 2115 1395 2186 l'er
1411 2122 1539 2216 signum
1552 2118 1769 2214 Et'aj.LXVI.
1785 2117 2118 2205 fateturbcllarminus
2220 2129 2238 2140 “

324 2224 386 2296 filii
409 2225 526 2293 Dei&
553 2217 696 2289 heredes
725 2221 800 2290 vitae
822 2233 954 2285 eternae.
1002 2217 1093 2314 Ergo
1115 2210 1202 2285 obsi·
1245 2206 1374 2305 signum
1396 2220 1500 2289 crucis
1523 2218 1657 2315 intelligi
1670 2215 1780 2315 posse,
1806 2222 1895 2317 quod
1909 2228 1940 2294 in
1956 2223 2116 2301 credenti.

323 2327 436 2421 gnatio
461 2318 512 2387 illa
533 2316 571 2387 iit
590 2313 755 2386 mediante
779 2312 831 2384 tali
851 2312 1047 2385 cliaradere.
1098 2313 1200 2407 Atqui
1243 2304 1301 2378 bus
1315 2314 1468 2405 ponitur,
1494 2317 1625 2414 quando
1645 2341 1701 2413 per
1717 2316 1983 2392 lidemmeritum
1997 2319 2118 2397 Christi

321 2418 509 2517 probandus
534 2431 601 2482 erat
635 2417 724 2518 prius
753 2412 809 2483 ilie
839 2409 1017 2485 character.
1069 2411 1126 2499 9.)
1151 2413 1199 2480 Ex
1243 2406 1387 2479 crucifixi
1423 2416 1467 2485 eis
1497 2413 1683 2510 adplicatur.
1730 2416 1796 2505 4.)
1821 2417 1981 2491 Addimus
2008 2441 2115 2495 aurem

319 2507 633 2613 nudaadpellarione
649 2499 735 2608 ligni
752 2511 849 2580 nimis
866 2515 972 2603 jejuna
1002 2506 1053 2611 esl-
1069 2508 1197 2582 conelu-
1242 2496 1350 2574 locum
1384 2507 1474 2582 illum
1501 2511 1541 2583 de
1577 2512 1805 2609 praedicatione
1833 2541 1870 2585 ac
1897 2514 2117 2614 divulgatione

319 2618 420 2689 dendi
442 2618 526 2683 ratio
543 2616 577 2681 in
598 2615 890 2708 hocargument05
923 2610 997 2704 quia
1016 2613 1127 2677 omnia
1147 2602 1197 2677 sa·
1242 2604 1397 2702 evangelii
1412 2612 1530 2680 intuto
1545 2612 1624 2682 orbe
1644 2609 1814 2685 rediitlime
1835 2621 1951 2703 exponi
1971 2614 2114 2693 hocsen-
2200 2637 2204 2643 '

284 2719 286 2726 '
318 2729 487 2787 uramenta
505 2705 578 2779 sunt
598 2705 707 2805 ligna,
734 2727 768 2778 ut
790 2704 1001 2778 'bellarminus
1021 2705 1195 2785 concedit,
1240 2691 1299 2798 qu,
1324 2704 1414 2775 licut„
1433 2713 1465 2780 in
1488 2708 1647 2804 portubus
1679 2710 1719 2782 ad
1748 2737 1837 2783 mare
1855 2714 2033 2787 collocatur
2057 2720 2125 2791 211..

318 2838 381 2885 nec
398 2830 511 2880 tamen
525 2812 636 2878 onmia
653 2810 842 2902 imprimunt
860 2804 1104 2882 characterem,
1131 2802 1195 2875 do·
1239 2796 1329 2895 quod
1348 2800 1555 2902 conspicuum
1570 2807 1695 2905 fignum
1713 2863 1726 2889 ,
1750 2810 1790 2880 ad
1808 2813 1896 2908 quod
1915 2837 2018 2884 nautae
2039 2842 2114 2891 cur·

317 2932 412 2984 cente
428 2904 553 2978 eodem.
608 2908 682 2993 ιο.)
708 2905 782 2974 Vox
795 2900 1075 3003 insumpsimus
1093 2904 1128 2974 in
1146 2899 1195 2974 lo·
1236 2897 1305 2969 sum
1318 2893 1408 2969 suurn
1424 2904 1591 3000 dirigunt:
1624 2910 1666 2977 ita
1694 2914 1817 3005 erigam
1849 2911 1995 2983 vetillum
2016 2929 2116 2987 euan0'

317 3034 360 3082 co
373 3005 459 3103 Eph.
476 3004 540 3082 IV.
553 3028 609 3093 30.
635 3000 817 3073 admodum
836 3003 948 3072 eoadie
965 3005 1138 3100 exponitur
1154 3001 1195 3072 de
1238 2994 1328 3165 field,
1355 3022 1391 3068 ut
1402 3001 1446 3073 ad
1466 3002 1545 3074 illud
1568 3001 1694 3076 cursum
1721 3006 1809 3079 suum
1823 3008 1920 3091 Judari
1942 3016 1975 3084 tit
1994 3036 2108 3106 genter

317 3107 372 3178 die
394 3103 647 3199 regenerationis
663 3124 721 3195 per
734 3096 952 3196 baptismum,
974 3101 1047 3198 quia
1065 3101 1194 3193 aposto·
1225 3147 1229 3152 -
1261 3096 1399 3191 irigere,
1414 3119 1510 3200 atque
1529 3100 1568 3173 ud
1583 3121 1717 3201 portum
1732 3101 1835 3178 salutis
1853 3106 2012 3205 adpellere
2034 3108 2108 3207 pos.

318 3204 368 3275 lus
387 3202 488 3287 dicit,
505 3200 671 3270 credentes
691 3190 755 3267 esse
779 3198 916 3298 signatos
938 3199 1060 3366 Spiritu
1082 3192 1194 3269 sandio
1237 3190 1326 3280 sint,
1352 3220 1452 3293 quatu
1473 3198 1718 3297 explicationem
1730 3202 1923 3277 confirmant
1933 3203 2108 3305 sequentis.

315 3325 419 3399 usque
444 3298 486 3371 ad
504 3297 595 3368 diem
621 3299 848 3382 redemtionis,
874 3295 908 3366 id
936 3321 954 3367 e
989 3296 1191 3391 „Spiritum
1237 3294 1402 3365 Emittam
1424 3302 1545 3374 racis,
1571 3304 1626 3394 qui
1633 3298 1759 3395 scrlvuti
1778 3304 1911 3399 suerint
1934 3312 1979 3378 ad
1995 3319 2110 3406 gruter

314 3390 589 3473 sentiumelsein
605 3390 786 3490 ipfisinstar
804 3392 929 3494 sigilli,
954 3419 1021 3492 quo
1047 3393 1190 3468 Deusil·
1237 3393 1457 3470 inmari&
1506 3397 1729 3491 Sicffipxl,
1756 3425 1810 3475 ro,
1837 3404 2107 3483 immundi„

314 3497 367 3573 loa
381 3494 581 3571 contitinet,
615 3490 705 3587 quod
730 3495 776 3565 'ab
796 3499 890 3568 otnni
922 3494 1011 3564 malo
1031 3517 1090 3564 eos
1119 3512 1190 3566 tan·
1235 3485 1331 3587 leffi,
1355 3493 1388 3564 id
1410 3491 1477 3575 eli,
1500 3488 1641 3569 surculus
1654 3518 1747 3571 natus
1772 3526 1808 3570 er
1825 3500 1934 3573 radice
1951 3497 2107 3602 Jessesta.

315 3595 393 3670 dem
409 3595 595 3667 liberaturus
617 3589 654 3660 sn
668 3598 701 3664 dt
723 3618 862 3691 corpora
886 3587 1032 3689 ipsorum
1053 3590 1095 3661 ad
1120 3592 1190 3665 bea·
1234 3591 1281 3658 bit
1306 3591 1340 3658 iu
1352 3592 1486 3692 signum
1501 3597 1713 3688 populorum,
1738 3598 1772 3669 id
1795 3596 1867 3678 eli,
1904 3600 2050 3677 chrissus
2070 3608 2105 3678 fn
2160 3594 2163 3598 ’

315 3714 386 3769 ram
416 3688 691 3765 immortalitatem
724 3687 973 3762 resuscitaturus.
1047 3698 1129 3781 rr.)
1155 3693 1188 3763 Si
1236 3695 1401 3785 euangelio
1431 3693 1556 3787 publice
1586 3696 1771 3791 propositus
1792 3700 1854 3767 erit
1878 3697 1976 3769 inllar
2000 3702 2106 3775 vexilli

313 3794 367 3865 ael
383 3797 525 3865 maxime
546 3790 658 3858 omnia
673 3786 747 3870 illa,
769 3815 840 3887 quc
859 3786 1067 3860 bellarminus
1081 3813 1120 3859 ex
1137 3788 1187 3860 his
1233 3788 1354 3872 erecti,
1378 3786 1420 3860 ad
1435 3790 1652 3956 quodpopuli
1667 3797 1811 3866 certatim
1829 3792 2006 3871 confluent.
2037 3801 2105 3895 Ly.

313 3892 411 3965 dietis
433 3884 618 3988 apostolicis
638 3880 821 3985 exsculpere
841 3909 998 3969 conatur,
1024 3911 1080 3983 per
1103 3882 1187 3959 sutn·
1233 3907 1327 3957 tanus
1342 3889 1460 3983 accipit
1475 3887 1515 3960 de
1539 3913 1618 3987 igno
1634 3898 1760 3974 cruris,
1786 3892 1875 3988 quod
1891 3895 2102 3991 adparebitin

314 4016 406 4062 ruam
431 3981 655 4059 liberabertem
667 4062 670 4068 ,
682 3984 958 4076 coricederentur,
982 3977 1119 4080 (scilicet
1139 3982 1188 4058 iu·
1232 3985 1285 4060 die
1300 3984 1428 4080 judicii,
1452 4012 1529 4062 cuna
1547 3990 1583 4059 in
1594 3988 1849 4090 precedentibus
1870 3993 1972 4067 verbis
1987 3996 2029 4069 de
2048 4017 2108 4071 ex·

312 4114 390 4162 eum
418 4085 583 4167 eCor.1,
602 4083 824 4179 accipiendum
848 4077 911 4157 effe
940 4084 983 4155 de
1005 4084 1187 4158 cursum
1232 4100 1342 4159 nemo
1361 4082 1486 4181 judicio
1510 4106 1633 4192 agatur.
2001 4091 2008 4095 ’
2156 4085 2164 4099 ’

311 4192 348 4260 in
370 4182 647 4259 confirmatione:
672 4186 818 4256 textusE
841 4182 873 4254 b.
889 4180 1037 4260 luit.
1060 4183 1185 4256 desba-

312 4288 436 4358 tauers
462 4288 499 4372 in
522 4275 680 4375 baptismo
696 4209 869 4378 impresso)
904 4278 1051 4352 nondum
1076 4305 1186 4354 tamen
1276 4277 1319 4381 ᾖ
1346 4278 1390 4359 C.
1410 4283 1488 4375 111.)
1502 4283 1712 4359 bellarminus
1725 4308 1832 4384 repre·

312 4388 434 4459 esitius
451 4374 607 4453 soretille
621 4379 804 4467 charaster3
830 4384 905 4478 quia
924 4386 956 4448 in
974 4376 1133 4479 baptismo
1149 4387 1185 4453 δι
1230 4380 1347 4454 luendis
1370 4379 1449 4453 alios
1474 4385 1630 4480 papilius,
1670 4388 1728 4482 qui
1761 4386 1824 4458 buc
1878 4415 1924 4493 3‚)
1934 4415 2104 4485 mm

311 4475 561 4556 confirmatione
581 4475 672 4549 illum
704 4482 852 4576 imprimi
879 4496 1001 4549 tantum
1029 4477 1187 4578 probare·
1232 4481 1363 4553 trabunt
1396 4479 1534 4578 figuram
1565 4488 1640 4583 agni
1675 4480 1830 4580 paschalis
1879 4495 2036 4579 Sr'gruutur
2051 4519 2102 4584 pa·

311 4605 384 4670 tur;
412 4575 465 4652 sed
494 4576 573 4677 quid
593 4574 652 4649 fiet
681 4576 723 4647 de
747 4577 889 4662 ordine,
916 4580 951 4646 in
981 4603 1049 4675 quo
1069 4578 1184 4650 itidem
1232 4577 1340 4651 Exod.
1356 4578 1437 4654 XII.
1453 4604 1489 4664 π.
1517 4581 1571 4653 ubi
1575 4585 1761 4683 ſsguuutur
1768 4608 1829 4678 po·
1949 4581 2018 4659 stes·

314 4680 408 4755 illurn
423 4679 569 4775 imprimi
583 4677 730 4749 docent?
1221 4676 1292 4775 stes
1313 4677 1360 4753 θ’)
1380 4677 1649 4773 superliminaria
1666 4678 1832 4779 stanguinr

586 4826 588 4829 -
633 4769 673 4873 ᾗ
703 4770 929 4863 XCIX.11.)
955 4772 1187 4846 Producitlie'l·
1231 4778 1333 4876 agui:
1371 4784 1449 4849 item
1479 4780 1662 4848 vaticinium
1690 4780 1808 4852 Erech.
1835 4778 1899 4854 IX.
1921 4804 1956 4861 4.
1996 4783 2101 4878 digus

310 4889 534 4978 enormem,
579 4872 733 4960 larmirus
750 4873 905 4974 figuram
930 4870 1187 4947 &vaticinium
1237 4876 1334 4950 uuae
1349 4877 1558 4972 infractibus
1577 4878 1774 4977 gementium
1787 4927 1804 4962 ,
1827 4878 1898 4951 baec
1916 4885 2003 4954 enirn
2023 4881 2099 4966 ‚loca

2053 4971 2124 5054 de
