4900 5809
387 363 463 439 334
652 367 657 374 '
915 331 1675 416 tuatLEtaENrttMEn1T0t18..
1737 357 1741 362 ·

413 526 513 594 urat,
529 515 602 616 fiae
626 516 851 588 interveniente
899 513 1110 610 atiqfaiiiorrr.
1171 518 1266 616 Ergo
1309 534 1389 611 pto,
1414 512 1587 612 utinsrgne
1603 515 1686 601 boc,
1712 513 2201 618 quodnobisoffertur,·beae.‘

454 620 548 692 Dens
567 618 646 682 idria
657 615 770 707 secere
783 630 861 710 pote
906 614 1047 708 oppetita
1062 626 1268 706 peccatoram
1310 610 1425 684 ficium
1451 637 1677 711 acceptemus,
1719 615 1876 713 nobisque
1908 616 2132 715 adplicentur,
2160 623 2200 692 id

395 708 1158 907 ltsffl‘lz,itltttitltltlltttttl
1172 708 1273 882 ils
1314 710 2201 908 tltlttlltlsl,ltttttldttlffmtltt

398 932 531 984 numae
550 908 725 977 debitorum
747 907 993 1008 quodammodo
1010 908 1165 986 habeant,
1192 913 1273 981 hoe·
1318 909 1459 988 eluctari,
1473 925 1567 1006 atque
1587 926 1737 979 aeternam
1753 906 1881 980 salutem
1896 907 2047 1008 consequi
2065 911 2200 990 volunt,

422 1008 610 1078 uenotnine
625 1003 658 1073 in
672 1000 830 1101 seripturis
849 1003 1056 1079 sandiioribus
1077 1001 1211 1077 subinde
1226 1012 1275 1079 in·
1317 1009 1501 1102 requiritur.
1528 1010 1633 1078 Mara
1649 1011 1732 1083 XV
1728 1012 1760 1081 Ι.
1776 1013 1823 1079 1⁶.
1850 1009 1959 1102 joaa.
1973 1013 2046 1081 III.
2067 1034 2122 1098 15,
2143 1017 2200 1097 rb,

397 1036 594 1202 sagniantur,
619 1099 680 1172 alia
695 1128 818 1190 tamen,
833 1128 867 1176 ut
894 1104 997 1176 modo
1015 1099 1274 1182 observavimus,
1323 1109 1518 1195 17‚18,3d.
1544 1106 1638 1177 Rom.
1655 1113 1728 1180 III.
1745 1105 1879 1194 ὅθι.
1928 1105 2025 1178 Inllat
2044 1107 2200 1205 equidem

399 1207 481 1276 ratio
498 1200 664 1280 hominis,
687 1200 817 1273 aliaDei
834 1203 890 1276 cll.
942 1205 1031 1278 Deus
1055 1205 1141 1273 enirn
1167 1200 1276 1301 perso·
1320 1204 1536 1290 Socrvus,
1564 1209 1714 1298 &porro
1732 1201 1865 1274 obiicit:
1890 1205 1994 1278 Nulla
2008 1207 2199 1300 adplicatio·

400 1298 602 1382 namiudicis
616 1303 720 1397 gerit,
746 1301 890 1397 hancque
905 1302 948 1371 ob
957 1303 1114 1371 rationem
1123 1305 1276 1373 iniuriam
1321 1323 1453 1394 oropus
1477 1292 1540 1390 eil,
1559 1303 1590 1402 ſs
1619 1304 1686 1373 iam
1712 1315 1787 1374 ante
1822 1301 1925 1394 ipsam
1952 1305 2201 1396 adplicatioaeae

401 1400 462 1478 sibi
477 1399 517 1469 ab
528 1395 597 1467 aliis
609 1396 730 1472 illatam
744 1398 862 1492 absque
876 1425 968 1496 poena
984 1424 1073 1497 aeque
1092 1398 1278 1470 condonare
1322 1396 1544 1491 Cirrfirtspro
1553 1407 1693 1492 peccatis
1713 1400 1826 1489 austris
1851 1409 1924 1469 vere
1932 1401 2104 1495 stetissent.
2155 1407 2203 1475 Iti

405 1488 540 1595 nequit,
568 1519 605 1563 ac
626 1495 878 1589 homoquidam
901 1500 1053 1594 privatus.
1115 1495 1280 1572 Addimus
1320 1497 1477 1589 adplicari
1492 1497 1613 1590 potest,
1639 1503 1723 1593 quod
1747 1499 1849 1568 aditur
1864 1498 2129 1586 itittdlvabemas,
2149 1502 2201 1576 tr

409 1597 453 1686 ς)
469 1602 503 1669 dt
518 1593 603 1666 hoc,
629 1620 645 1663 a
663 1593 772 1665 debito
781 1599 915 1688 proprie
936 1592 979 1666 fic
1003 1594 1093 1665 ditio
1124 1595 1163 1666 ad
1188 1596 1279 1665 debi·
1322 1598 1462 1666 exertius
1475 1597 1683 1690 atlprliratione
1696 1600 1809 1692 aliquis
1822 1596 1950 1693 ‘ss‘s‘m
1970 1600 2004 1666 in
2023 1623 2083 1670 vos
2093 1600 2200 1694 prepi.

405 1718 475 1766 turn
495 1695 668 1789 improprie
692 1716 729 1762 ac
744 1690 896 1788 figurate
918 1691 1075 1784 dietum,
1112 1692 1207 1789 quale
1234 1691 1280 1762 ell
1322 1693 1469 1788 eisritar,
1495 1698 1549 1789 qei
1565 1707 1736 1765 areteaaon
1754 1710 1836 1776 erat,
1886 1697 2016 1788 Atqui,
2029 1697 2201 1795 ſsiaarfir.

404 1807 594 1892 peccatum,
619 1789 739 1861 nullam
764 1788 942 1886 legitimam
964 1792 1051 1863 nedti
1069 1789 1157 1887 polle
1172 1786 1280 1862 conse·
1323 1791 1488 1886 tisfitiiara
1506 1792 1567 1886 est,
1583 1794 1838 1888 sarissas-liorem
1864 1794 1929 1862 iam
1951 1793 2117 1878 salernas,
2141 1821 2200 1868 aee

407 1891 592 1991 quentiam,
620 1913 692 1958 curn
708 1891 871 1986 utriusque
886 1914 951 1959 non
969 1914 1025 1985 par
1041 1888 1079 1960 fit
1096 1892 1201 1968 ratio,
1224 1914 1281 1960 ue·
1323 1894 1407 1960 alitis
1419 1916 1458 1961 ex
1473 1893 1681 1982 adplicatioae
1697 1891 1823 1988 assaliat
1838 1895 1872 1960 ia
1893 1916 1952 1962 aar
1969 1896 2111 1972 derivari
2121 1907 2202 1988 pet-

407 2015 471 2088 que
488 1990 606 2056 adeoa
624 1975 774 2082 quilitste
788 1987 888 2056 debiti
908 1991 1087 2080 pervariarii
1098 1987 1137 2060 ad
1151 1987 1282 2085 qualita—
1323 2015 1339 2060 e
1375 2036 1388 2072 ‚
1411 1990 1470 2086 erist
1477 1997 1560 2083 quar
1567 2016 1631 2083 pro
1646 1995 1732 2060 notris
1738 1991 1786 2087 stt
1793 1989 2027 2084 firtissalium,
2053 1997 2137 2062 uarie
2148 1995 2203 2062 iu·

266 2123 268 2128 ¹
405 2107 472 2159 tetn
488 2083 588 2157 dettttt
604 2082 696 2153 liceat
718 2088 949 2179 argumentari.
998 2086 1115 2157 Debita
1133 2087 1282 2183 pecunia·
1350 2086 1513 2182 ficemur,
1539 2092 1593 2180 qvi
1610 2090 1735 2186 affatius
1752 2093 1815 2157 iarn
1837 2089 2202 2185 attemptatam).

239 2175 249 2194 ’“
406 2189 455 2258 ria
469 2185 644 2254 liberalitas
661 2183 813 2260 remittit,
850 2180 967 2253 desidia
995 2209 1074 2256 vero
1094 2183 1281 2255 condonare
1323 2186 1385 2260 Ast
1397 2180 1486 2278 supra
1503 2189 1522 2281 (
1537 2193 1564 2272 t.
1579 2187 1797 2278 >trititiam
1814 2184 2063 2274 observavimus,
2075 2211 2137 2259 nos
2152 2184 2204 2259 sa·
2221 2191 2229 2204 '

408 2309 457 2357 res
470 2285 604 2381 gratiae
618 2281 662 2350 est
676 2303 714 2350 ac
730 2278 969 2371 artisericordiae.
1021 2285 1108 2362 Illa,
1134 2277 1280 2352 illesaiu·
1323 2278 1543 2354 tissadlionem
1569 2283 1686 2353 Cbrilli
1737 2287 1844 2354 uidem
1867 2285 2010 2368 habere,
2043 2311 2203 2384 quatenus

306 2387 318 2400 “
366 2431 368 2436 -
407 2382 512 2457 slitia,
540 2375 676 2469 simplici
697 2375 879 2450 liberalitate
900 2404 938 2449 ac
965 2380 1282 2453 trtunisicentiaeon·
1323 2406 1359 2453 ea
1381 2383 1547 2451 aClt'risto
1574 2401 1683 2451 revera
1713 2313 1778 2454 suit
1803 2382 1957 2478 prailita,
1983 2377 2039 2453 sed
2061 2383 2203 2456 eandem

407 2478 522 2551 donari
537 2471 678 2572 possunt.
737 2478 846 2562 Haec,
879 2502 955 2548 cum
979 2480 1096 2548 iustitia
1119 2477 1152 2547 id
1178 2481 1279 2571 impe·
1323 2502 1393 2550 non
1417 2477 1582 2550 habereut
1604 2481 1770 2575 nepta-am,
1807 2503 1974 2577 antequam
2006 2483 2112 2551 nostra
2140 2479 2204 2553 fiat
2257 2528 2261 2536 ·

397 2577 495 2657 ¹diat,
521 2579 621 2652 Prota
637 2577 720 2652 XV
716 2580 768 2651 II.
777 2596 829 2666 15.
854 2570 1141 2650 finesatisfatetone
1157 2576 1280 2647 remtiri
1324 2603 1384 2675 per
1397 2580 1653 2673 imputationem.
1703 2581 1748 2648 Ut
1766 2583 2004 2674 veroirupurari
2019 2581 2205 2675 nobisque·

408 2696 584 2777 nequeunt.
956 2732 958 2738 .
1325 2698 1382 2754 at,
1405 2674 1524 2747 necesse
1539 2675 1607 2753 eil,
1636 2694 1670 2745 ut
1686 2681 1819 2772 iamper
1837 2673 1957 2754 fidem,
1982 2703 2053 2776 quae
2075 2672 2206 2748 stitisse.

733 2781 740 2794 ''
1324 2773 1467 2846 ettonem
1477 2773 1593 2845 Chrisli
1607 2773 1812 2845 inindividuo
1828 2774 1922 2845 nobis
1938 2775 2103 2864 adplicat,
2122 2775 2204 2851 Gal.

458 2878 486 2962 i·
513 2871 631 2948 XXII.
657 2864 916 2954 Mittaturne,
937 2893 1009 2965 quae
1027 2866 1070 2940 de
1094 2867 1281 2942 satisfaffio·
1325 2875 1380 2948 II.
1391 2899 1441 2947 20.
1467 2873 1572 2966 nestra
1589 2869 1673 2943 faeta
1689 2872 1737 2946 srt.
1789 2876 1894 2967 Atque
1917 2899 1955 2943 ex
1974 2877 2035 2946 hac
2056 2871 2206 2970 adplicat·

406 2977 456 3047 nis
479 2972 603 3048 Citritli
616 2973 748 3042 veritate
774 2963 930 3062 copiosius
950 2968 1015 3040 dici
1036 2970 1109 3041 laeic
1132 2961 1278 3067 possent,
1327 2975 1415 3042 tione
1437 2994 1538 3040 novus
1554 2973 1587 3041 in
1612 2997 1670 3043 nos
1684 2971 1847 3042 derivatur
1868 2969 2018 3049 effeous,
2045 2975 2205 3046 nimirum

408 3091 506 3166 atque
522 3071 562 3140 ad
582 3068 637 3139 reli
662 3071 742 3150 uas,
764 3088 836 3162 que
851 3088 868 3134 e
884 3066 1064 3139 Socinianis
1087 3087 1201 3139 contra
1220 3089 1281 3137 no·
1323 3063 1576 3152 satissatlionis,
1601 3093 1662 3165 pro
1676 3072 1767 3141 nobis
1785 3068 1948 3166 preellitre,
1975 3065 2098 3143 frustus
2110 3073 2208 3170 isque

408 3169 506 3241 liram
533 3168 572 3241 de
601 3097 824 3238 inllificatione
847 3160 1032 3237 doctrinam
1054 3168 1182 3238 moveri
1204 3164 1281 3235 alias
1328 3164 1456 3266 prorsus
1471 3171 1624 3244 eximius,
1650 3172 1705 3267 qul
1720 3167 1763 3238 ell
1781 3168 1887 3237 nostra
1903 3193 2016 3241 eoram
2031 3171 2206 3241 Deoiutti.

407 3263 533 3345 solent,
559 3265 760 3338 obiedtiones
783 3261 950 3336 diluendas
968 3287 1029 3335 nos
1052 3266 1281 3345 convertimus,
1328 3265 1456 3344 ficatio,
1483 3265 1783 3365 quamanteahaud
1798 3263 2002 3340 trahebamus.
2049 3267 2205 3364 Reliquas

410 3369 539 3462 Urgent
553 3365 574 3434 ii
596 3366 658 3456 V)
668 3366 766 3435 stante
777 3353 1002 3450 satissaslionis
1019 3361 1190 3458 dogmate,
1199 3360 1283 3430 nulla
1327 3363 1514 3439 instantias,
1540 3390 1617 3465 quas
1637 3365 1709 3436 heic
1731 3387 1823 3458 urget
1846 3368 2073 3446 -Socrnus,
2097 3366 2207 3440 brevi·

339 3455 344 3465 ’
411 3489 494 3560 opus
508 3460 568 3534 elle
594 3463 829 3559 imputatione,
859 3481 930 3550 quas
951 3458 986 3528 fit
1007 3481 1065 3557 per
1085 3457 1196 3530 sidem.
1245 3463 1282 3533 Si
1329 3462 1518 3533 tatisstudio
1534 3461 1909 3560 pratertnittirnus(3)·
2202 3479 2206 3488 '

410 3564 512 3651 enisa,
535 3562 580 3630 ita
593 3583 759 3656 arguunt,
788 3554 932 3648 ciratus
941 3581 1005 3651 pro
1014 3561 1155 3650 peccatis
1169 3555 1283 3653 ntylris
1765 3577 1771 3590 ’
2200 3609 2205 3622 .

400 3661 589 3759 satisfecit,
616 3684 724 3731 aaran
740 3653 1140 3752 iocsatissaperqaeest,
1163 3669 1200 3727 ut
1209 3683 1283 3753 pec·
1379 3661 1407 3746 §.
1432 3656 1564 3736 XXlll.
1592 3657 1672 3732 lllud
1688 3683 1731 3755 qu
1778 3682 1817 3728 ue
1833 3656 2026 3750 Vslnobis
2045 3658 2209 3735 obiiciunt

251 3787 253 3792 ·
343 3809 345 3814 -
410 3757 606 3856 eataaostra
625 3754 820 3830 deleantur?
847 3755 1147 3851 Quidigituropar
1164 3755 1227 3851 est,
1246 3770 1284 3828 at
1330 3755 1484 3826 Socruus
1498 3758 1700 3855 eiusdemque
1715 3681 1868 3835 adseclas,
1891 3759 2093 3829 eattraciatran
2107 3755 2206 3851 illati,

411 3851 1287 3955 erosipfipraetereaproillisfirtisferiffrtrasearaar?...
1332 3853 1452 3924 Chrilli
1467 3851 1716 3926 satissaiiionem
1738 3878 1793 3951 per
1809 3853 1904 3925 fidem
1920 3852 2015 3926 uobis
2036 3859 2207 3952 irupatari,

414 3959 450 4027 n
464 3963 607 4054 qaispro
632 3959 695 4028 alio
721 3955 841 4049 aliquid
855 3950 1013 4045 statuerit,
1043 3958 1109 4025 iata
1128 3956 1197 4031 ille,
1219 3980 1285 4051 pro
1331 3952 1549 4048 autseipfioa
1566 3953 1742 4049 destruere,
1768 3966 2080 4050 atttrerteperqrtam
2094 3957 2208 4048 absara.

414 4057 719 4152 qaofhtutnmsate
743 4049 962 4143 iteratasest:
984 4054 1286 4147 steropasestprar·
1331 4053 1408 4120 dam
1420 4051 1615 4146 sententiam
1640 4055 1805 4123 continere.
1863 4055 1994 4123 Etenim
2018 4057 2078 4142 (ita
2099 4060 2209 4152 pergit

415 4167 529 4235 terra,
552 4167 590 4223 ut
604 4152 727 4247 ipsimet
743 4153 820 4224 iilud
827 4145 952 4244 fhluiffe
971 4151 1166 4246 existimetur
1191 4159 1241 4245 (qr
1258 4157 1285 4244 ),
1333 4149 1546 4238 Socrsrus)
1564 4153 1622 4251 arist
1642 4153 1728 4220 notis
1752 4173 1790 4220 ea
1816 4156 1969 4220 credenda
1993 4151 2099 4246 suat,
2124 4177 2210 4248 quae
2263 4189 2272 4204 ·

315 4299 317 4304 -
418 4251 516 4346 Rejp.
539 4248 751 4329 nonsutb'cit,
776 4246 1287 4343 Christumpronubissatisseeis.
1333 4248 1597 4343 aurasicensem,
1620 4250 1666 4324 ΕΤ
1678 4248 1736 4343 erist
1748 4244 2133 4343 Deaseiurmodifidema
2154 4279 2212 4324 ero.

420 4347 475 4430 se,
496 4351 641 4447 adeoque
655 4346 762 4419 nollra
775 4339 897 4416 solvill'e
918 4344 1047 4436 debita,
1072 4372 1222 4420 aeternam
1249 4376 1287 4421 ue
1332 4347 1380 4416 iris
1395 4351 1547 4444 requirit,
1571 4373 1652 4442 quae
1662 4348 1754 4442 saiſsa
1770 4351 1893 4432 areatat,
1917 4344 2209 4445 aecrffeest,aate·

420 4451 550 4521 natium
573 4443 637 4520 else
664 4446 926 4522 redemtionem,
965 4448 1046 4520 Etr.
1058 4447 1136 4520 ΤΧ.
1161 4475 1210 4520 12.
1226 4377 1286 4518 led
1334 4469 1433 4541 quara
1448 4446 1536 4541 isara
1544 4447 1647 4539 fidem
1660 4446 1851 4524 irrideamur,
1873 4468 1946 4514 uere
1957 4470 2023 4538 pro
2036 4451 2125 4518 nosris
2141 4453 2211 4520 iam

421 4571 503 4645 opus
518 4543 643 4646 insuper
656 4547 725 4637 est,
751 4571 788 4619 ex
803 4541 917 4615 ordine
932 4569 950 4614 a
966 4546 1139 4618 Deoaobis
1148 4547 1289 4644 praeseri·
1325 4542 1537 4640 satirsaiitaa
1564 4541 1631 4642 effi.
1680 4547 1771 4620 Vere
1788 4545 1943 4639 inqaaat,
1969 4547 1994 4618 i.
2012 4569 2037 4615 e.
2059 4570 2096 4618 re
2119 4550 2211 4643 ipra·

2157 4646 2206 4722 89

312 4865 323 4880 .
462 4824 500 4906 (ι
512 4820 530 4908 >
545 4823 620 4887 Vide
630 4825 678 4885 So
687 4836 705 4886 c
714 4835 820 4885 trivit
833 4820 866 4880 in
879 4819 957 4881 libro
974 4821 1074 4900 sepius
1087 4820 1143 4880 iarn
1156 4819 1291 4903 adlegatu
1380 4818 1424 4896 (a
1432 4819 1448 4894 )
1464 4816 1533 4882 Vid.
1544 4819 1599 4879 lese
1611 4822 1739 4880 excitare.
2072 4899 2079 4913 ι

522 4902 840 5068 „ts
857 4900 1061 4984 ’Μ’
1136 4918 1289 4982 Μ·
1378 4895 2209 5060 <>„,„‘²
