4900 5809
327 353 395 408 102
974 328 1100 399 Loci
1130 322 1548 415 xvttt.cn1‘.v111.

321 510 410 578 sinna
434 510 515 577 enim
534 510 640 605 ningit
656 505 862 600 honorificum
888 506 1203 602 rstltnr'ttrroliqoid
1254 532 1312 578 nus
1329 500 1468 592 sabbati,
1494 515 1530 575 a'e
1549 507 1645 575 totius
1667 500 1768 600 legis:
1796 500 1918 577 Nostra
1940 527 2051 578 tutem
2072 507 2133 579 nb‘

322 632 362 677 rx
382 609 512 688 merito,
538 631 634 700 quum
652 605 769 697 exsulo
784 609 979 691 donatione,
1006 609 1073 675 ideo
1095 610 1200 690 litus,
1258 607 1397 677 edientia
1422 605 1527 675 multis
1550 604 1734 676 nominibus
1754 610 1820 696 jam
1842 629 1918 675 aure
1939 611 2016 680 Deo
2034 606 2124 678 debe·
2147 609 2150 616 '

323 718 362 775 ut
373 703 464 798 silius
468 704 551 798 suos
571 709 675 802 iringis
694 707 886 784 honoraret,
911 708 944 773 itt
957 705 1144 802 pru-restitit,
1161 718 1200 776 ut
1255 729 1321 776 tur.
1371 700 1490 774 Christi
1504 703 1684 775 obedientia
1709 725 1774 772 erat
1797 696 2054 794 persediliima,
2076 730 2123 774 ca·

322 806 421 872 vitun
448 816 616 872 aeternam
634 828 697 895 prr
719 807 833 874 inei-tin
849 805 913 904 stol
932 821 1105 898 partirent.
1159 812 1200 878 At
1257 828 1328 876 rens
1350 810 1444 874 omni
1466 801 1536 874 labe
1562 805 1699 898 peccati3
1721 805 1829 872 nostra
1860 801 1905 870 eli
1935 797 2125 899 insperserit

321 897 568 997 hoecresponsto
588 902 769 973 Beliarmini
791 911 868 998 petit
893 906 1086 1000 principium
1109 913 1142 974 bt
1162 930 1201 974 ex
1254 909 1288 975 dt
1309 907 1405 972 nntis
1420 922 1630 997 peccatorum
1644 906 1873 973 contaminata.
1923 905 2015 996 Ergo
2035 901 2125 976 Cini-

321 996 477 1095 opposttis
502 997 577 1068 fucit
599 994 812 1071 subordinate.
863 1004 1058 1098 Principium
1083 1008 1116 1073 in
1140 1007 1201 1074 itae
1254 1001 1291 1069 lli
1313 1001 1497 1070 obedientia
1512 1003 1618 1098 potuit
1636 994 1696 1072 elie
1711 1004 1885 1076 meritum,
1909 999 2028 1071 nollrae
2051 993 2135 1072 vero.

324 1095 530 1193 reiponfione
562 1104 627 1194 peti
658 1095 867 1169 manifellum
894 1101 961 1169 est:
987 1101 1072 1171 unde
1104 1106 1201 1174 etiam
1254 1098 1444 1171 obedientie
1466 1099 1541 1170 iliud
1566 1124 1634 1167 non
1656 1100 1757 1192 potest
1782 1115 1982 1193 competere.
2035 1098 2132 1172 Cbri?

324 1195 441 1306 probat
466 1195 703 1276 bellarminus,
735 1196 854 1291 duplici
878 1204 942 1288 jure
967 1225 1002 1268 ac
1035 1198 1127 1269 titulo
1158 1203 1204 1269 vi·
1254 1199 1315 1270 lius
1331 1223 1398 1267 uon
1414 1197 1492 1276 tibi,
1519 1193 1570 1267 sed
1591 1197 1674 1279 aliis,
1694 1191 1745 1265 sua
1763 1193 1948 1266 obedientia
1964 1199 2064 1265 vitam
2089 1225 2125 1268 e·

323 1313 389 1364 tam
417 1319 571 1364 aternam
599 1295 804 1366 credentibus
831 1294 940 1366 deberi
956 1305 972 1393 (
987 1301 1007 1341 ᾗ
1024 1298 1053 1386 ).
1104 1296 1202 1369 Unde
1253 1315 1376 1366 ternum
1394 1301 1589 1392 promeruit3
1616 1314 1649 1364 ot
1665 1295 1687 1366 li
1706 1294 1816 1364 nollra
1839 1317 1936 1388 opera
1954 1318 1992 1363 ac
2013 1296 2124 1367 nolint

323 1392 438 1490 probat
455 1418 591 1487 operum
608 1396 781 1464 meritisne
821 1398 936 1491 ropriis
952 1394 1112 1467 laboribus
1128 1422 1201 1469 eam
1253 1392 1411 1492 pastiones
1431 1392 1526 1466 elient
1547 1396 1743 1468 meritoriae,
1765 1393 1859 1464 uobis
1877 1389 2069 1489 iplisvirant
2089 1421 2125 1466 τι
2158 1417 2161 1422 ·

322 1489 482 1588 adquiri?
508 1491 587 1560 Non
606 1490 696 1561 audis
718 1493 770 1561 iric
789 1418 946 1591 idtipturae
969 1492 1202 1576 fundamenta,
1254 1517 1380 1564 ternam
1397 1516 1636 1592 promerentur.
1686 1495 1733 1561 Ex
1748 1515 1816 1589 quo
1836 1494 1957 1588 iterum
1977 1491 2124 1589 adparet,

323 1583 376 1660 sed
402 1593 534 1659 rationis
556 1591 704 1660 humanae
725 1585 862 1661 somnia.
912 1596 1028 1693 Magis
1052 1594 1203 1687 lionorifi
1255 1600 1287 1665 in
1313 1593 1443 1662 Chrilio
1467 1595 1534 1662 haec
1558 1583 1621 1662 effe
1648 1586 1875 1667 subordinate,
1903 1588 2056 1663 obtinere
2082 1596 2136 1664 vi·-

321 1712 392 1759 rrrtn
416 1687 457 1782 est
482 1690 551 1778 (ait
569 1690 582 1775 )
600 1692 711 1760 lttbrre
732 1691 853 1783 aliquid
873 1715 912 1760 ex
935 1699 1074 1765 turrito,
1103 1700 1202 1788 lpnnm
1253 1715 1316 1763 tam
1336 1715 1487 1761 aternam
1511 1696 1581 1784 jure
1599 1688 1816 1774 hereditatis,
1841 1706 1936 1786 atque
1958 1686 2033 1759 aliis
2056 1715 2124 1762 enm

322 1813 362 1857 ex
373 1787 447 1880 fidu
464 1789 652 1865 donabunt.
675 1791 742 1856 ideo
762 1792 865 1873 Deus,
882 1790 1013 1879 ulfilios
1051 1817 1107 1860 nos
1130 1817 1202 1864 ma-
1254 1792 1305 1865 sna
1321 1789 1499 1861 obedientia
1521 1793 1659 1874 mereri3
1684 1792 1718 1859 in
1734 1784 1830 1857 nobis
1849 1807 1959 1858 nutem
1976 1786 2046 1859 haec
2059 1783 2125 1859 sont

319 1886 581 1984 gislronornrtt,
607 1891 641 1956 icl
654 1884 836 1978 praestitit,
864 1900 900 1956 ot
922 1893 1203 1963 vitamarternnm
1252 1885 1427 1986 opposuit,
1461 1889 1609 1959 obtinere
1637 1888 1739 1957 vitam
1767 1905 1919 1958 ttermm
1947 1885 2046 1957 titulo
2074 1883 2123 1956 vd·

256 2021 259 2027 ¹
316 1999 454 2077 propter
479 1987 595 2052 nterim
612 1987 675 2084 fibi
698 1999 874 2078 parare-nt.
928 1993 974 2059 Sit
1002 1989 1073 2060 sane
1101 1985 1225 2085 tnagis¹
1252 1991 1418 2084 optionis,
1451 2012 1487 2057 ar
1511 1984 1642 2057 suorum
1669 1977 1805 2081 operum
1840 1988 1962 2057 meritis
1992 1983 2124 2058 eandem

288 2079 557 2180 'honorificum
571 2108 607 2151 ex
627 2089 744 2153 merito
763 2081 1020 2182 aliquid‚qunnr
1038 2114 1079 2158 ex
1101 2093 1202 2182 gratia
1251 2083 1399 2169 fibiipfis
1420 2085 1599 2185 adquirere.
1662 2082 1951 2180 Qteruadmodum
1983 2085 2124 2156 Christus

320 2181 491 2255 obtinere,
517 2205 548 2252 at
565 2180 649 2252 unde
669 2179 842 2276 probatur,
866 2183 958 2272 hujus
976 2184 1110 2256 honoris
1133 2212 1201 2257 cre·
1250 2196 1321 2280 jure
1344 2183 1534 2254 haereditatis
1549 2206 1686 2277 regnum
1703 2180 1860 2250 curiorum
1877 2182 2053 2259 obtinens,
2074 2206 2129 2253 eo:

321 2279 431 2358 dentes
470 2283 639 2374 participes
676 2276 813 2350 fartos?
854 2284 1004 2352 Veterum
1048 2280 1201 2361 sententia
1252 2285 1328 2354 dent
1345 2303 1513 2353 contentus
1528 2278 1610 2358 fuit,
1640 2306 1698 2371 nec
1713 2276 1772 2349 suis
1787 2276 2126 2376 patsronibusmy'

321 2378 389 2446 haec
405 2376 466 2447 ert:
495 2380 590 2470 Qrtod
613 2382 651 2447 de
679 2376 805 2472 Ctrr'sto
833 2406 897 2450 non
919 2385 1056 2460 dicitur,
1085 2395 1122 2451 rit
1143 2383 1201 2474 est,
1250 2382 1337 2453 ribus
1358 2378 1434 2450 iilud
1459 2379 1515 2450 libi
1540 2376 1596 2476 ipli
1620 2381 1810 2489 promeritus
1831 2377 1966 2449 demunt
1984 2377 2049 2464 etl,
2085 2375 2121 2448 e'd

321 2478 444 2575 etiamst
467 2477 569 2546 honor
604 2480 782 2553 vidintur,
820 2482 944 2577 injuria
972 2481 1032 2574 est3
1080 2501 1201 2576 quanto
1252 2480 1338 2551 aliis:
1361 2482 1548 2576 iraquoque
1567 2473 1960 2547 sussrcitnobisadvitam
1975 2496 2120 2549 aternam

321 2579 422 2671 magis
439 2573 528 2671 quod
549 2576 590 2645 de
612 2573 790 2646 christianis
827 2602 893 2647 non
912 2577 1048 2668 dicitur,
1073 2597 1108 2648 ut
1130 2581 1200 2660 est,
1251 2576 1481 2652 obtinendam}
1509 2575 1598 2674 quod
1620 2575 1713 2643 titulo
1736 2568 1913 2658 υἱοθεσίας
1938 2595 1971 2644 ut
1993 2575 2119 2646 ltaerrdi·

323 2671 449 2743 etiamst
475 2673 583 2758 honpr
605 2673 775 2749 videatur,
803 2679 916 2764 injuria
938 2681 1007 2747 erit.
1060 2681 1108 2748 Ex
1136 2705 1201 2751 me·
1253 2697 1298 2759 tas
1321 2676 1413 2747 nobis
1436 2675 1598 2748 donatur,
1627 2671 1647 2742 lr
1667 2670 1876 2768 pelliones&
1897 2697 1996 2767 opera
2019 2672 2120 2745 nollra

324 2773 391 2839 ritis
419 2773 517 2840 vitain
539 2791 686 2841 :ternam
710 2772 858 2842 obtinere
877 2772 947 2870 post
974 2773 1097 2873 lapsum
1125 2802 1201 2872 pro·
1250 2772 1345 2848 client
1359 2777 1490 2861 merita,
1517 2798 1583 2842 non
1599 2772 1691 2841 nobis
1707 2768 1780 2866 iplis
1796 2825 1804 2853 ,
1822 2765 1875 2841 sed
1888 2769 1975 2857 aliis,
1991 2794 2135 2868 regnunt.
2154 2789 2161 2846 ,’

321 2867 535 2962 toplaliorum
553 2868 629 2939 nulli
650 2895 789 2965 unquam
809 2869 935 2941 h'omini
947 2923 961 2950 ,
989 2893 1200 2970 praeterquam
1251 2871 1410 2945 coeiorum
1428 2874 1657 2967 adquirerent,
1684 2872 1747 2937 boc
1762 2868 1829 2942 ell',
1845 2868 2010 2940 honorem
2028 2869 2121 2943 Citri-

322 2963 379 3037 soli
398 2966 556 3055 Christo,
583 2972 760 3063 competit3
787 2972 813 3039 is
833 2974 941 3041 unicus
967 2981 1002 3045 dc
1025 2968 1109 3043 solus
1132 2974 1199 3051 eli,
1252 2969 1300 3041 sso
1322 2974 1492 3066 proprium
1517 2970 1706 3039 obtinerent.
1756 2972 1851 3036 Extra
1873 2966 2120 3039 controuersiam

321 3070 378 3165 qui
394 3069 508 3162 duplici
524 3071 796 3163 notitintregnrrm
814 3070 957 3140 colorum
976 3071 1200 3149 obtinetdrue-
1252 3066 1317 3143 eli,
1345 3066 1508 3139 credentes
1536 3070 1567 3136 in
1586 3064 1670 3136 lilios
1686 3067 1745 3134 Dei
1769 3070 1802 3135 dt
1829 3065 1972 3140 hostede-s
1991 3070 2064 3136 vitre
2080 3061 2128 3134 τί·
2158 3059 2161 3070 ’

319 3166 580 3259 reditntrstilicet
591 3169 703 3258 patris
728 3166 774 3239 69
796 3171 908 3236 merito
923 3171 1092 3264 paffionis,
1121 3175 1199 3242 alte.
1251 3185 1346 3236 ternae
1362 3166 1584 3262 adoptatosin
1601 3166 1691 3233 bonis
1712 3161 1863 3257 operibus
1885 3161 2051 3234 ambulare
2069 3162 2122 3232 de·

319 3291 357 3335 ro
379 3265 443 3359 ipse
459 3281 622 3334 contentus
639 3264 700 3358 est,
727 3268 866 3335 alterum
889 3271 975 3338 nobis
997 3273 1116 3348 dorent,
1142 3296 1199 3341 rior
1252 3266 1344 3343 bere,
1371 3259 1426 3333 sed
1445 3261 1533 3361 quod
1548 3285 1604 3358 per
1620 3261 1670 3330 ilia
1695 3259 1778 3330 bona
1803 3283 1903 3357 opera
1929 3285 2061 3332 novum·
2076 3269 2129 3356 jus

322 3377 426 3433 autem
443 3387 497 3432 rtet
514 3362 748 3458 dignisomur,
770 3390 824 3434 nec
846 3370 988 3457 propriis
1009 3372 1132 3438 rneritir
1151 3394 1201 3438 re·
1251 3363 1290 3433 ad
1312 3367 1407 3430 vitam
1433 3383 1584 3431 aetcrmm
1614 3359 1654 3427 ad
1680 3362 1817 3448 uitam,
1847 3357 1926 3430 illud
1951 3383 2129 3456 negamus?
2158 3401 2161 3406 ·

318 3487 423 3560 gnum
444 3463 590 3532 colorum
614 3463 751 3529 obtinere
766 3459 935 3557 prffumut
949 3512 963 3539 ,
990 3483 1023 3531 ut
1044 3467 1199 3535 Bernhar-
1250 3464 1329 3553 quin
1346 3463 1451 3554 potius
1477 3486 1549 3530 cum
1567 3386 1704 3552 parutiiis
1726 3481 1803 3525 mox
1822 3482 1839 3524 a
1863 3451 2022 3554 baptismo
2035 3457 2123 3530 dese·
2158 3505 2161 3514 ·

322 3561 382 3629 dus
412 3564 463 3654 pie
492 3553 603 3628 diuise
629 3583 911 3629 commemoratur
948 3566 981 3632 in
1007 3561 1102 3659 ipsius
1136 3569 1198 3633 vita
1250 3557 1397 3629 dentibus
1412 3562 1482 3627 vitae
1498 3577 1618 3631 aternu:
1635 3558 1800 3626 intruditur
1823 3581 1863 3625 ex
1883 3563 1986 3652 gretie
2010 3558 2120 3631 detur,

320 3654 395 3730 libr.
420 3661 443 3726 l.
464 3682 535 3752 cap.
571 3682 624 3745 ¹3·
674 3657 773 3751 Qud
798 3658 912 3729 endem
936 3660 1118 3733 Bellarmini
1149 3687 1200 3733 re·
1250 3681 1288 3727 ex
1320 3680 1360 3726 eo
1390 3659 1527 3728 immoto
1552 3653 1757 3751 colligimus,
1783 3652 1898 3724 adultis
1921 3654 2120 3727 credentibus
2159 3685 2161 3706 ι

323 3754 448 3852 sponfio
472 3782 507 3826 rx
524 3753 684 3855 oppobrio
708 3753 807 3827 iaciat
829 3752 1059 3838 subordinata,
1086 3762 1198 3835 iridem
1248 3763 1283 3828 δι
1303 3759 1336 3827 in
1356 3757 1447 3824 vinea
1463 3759 1600 3826 Domini
1621 3750 1840 3820 iabtrrtntibus
1864 3750 1976 3823 itidem
1995 3780 2036 3825 ex
2052 3776 2120 3850 gn·

269 3901 271 3906 -
322 3854 529 3924 innutritum
551 3857 608 3927 eti.
661 3857 819 3939 Quamvis
832 3859 918 3927 enim
934 3862 967 3925 in
984 3858 1115 3929 Christo
1129 3864 1198 3931 hnc
1248 3858 1388 3938 namon
1408 3878 1446 3923 tx
1469 3879 1603 3949 operum
1622 3849 1914 3933 merineerndem
1934 3850 2118 3948 obtingere,
2159 3861 2161 3908 :

323 3949 381 4023 fint
397 3950 631 4030 subordinate,
658 3973 765 4021 tamen
788 3955 1040 4026 incredentibus
1064 3979 1199 4053 propter
1249 3948 1405 4050 liquidem
1432 3975 1494 4021 una
1516 3969 1612 4047 atque
1634 3946 1744 4018 eadem
1767 3946 1811 4017 eli
1835 3947 2119 4040 justificationis&

323 4054 499 4122 maximam
520 4048 737 4146 disparitatem
754 4046 824 4120 sunt
842 4049 999 4146 opposita.
1052 4054 1197 4126 Christus
1248 4046 1427 4118 salvationis
1446 4053 1558 4126 ratio,
1584 4065 1619 4117 ut
1639 4044 1734 4142 paulo
1753 4047 1965 4144 postplenius
1995 4048 2118 4120 docebi-

321 4149 365 4221 eli
383 4147 476 4219 Filius
501 4151 563 4217 Dei
586 4149 766 4244 unigenitus
791 4157 826 4221 δι
848 4153 1029 4238 naturali13
1053 4179 1113 4225 nos
1143 4179 1200 4223 au·
1250 4173 1331 4219 mus.
1383 4150 1573 4243 Repetimus
1597 4147 1695 4243 igitur
1722 4169 1948 4241 argumentum
1978 4144 2116 4218 nossrun

323 4272 388 4319 tem
424 4242 532 4317 sumus
563 4248 715 4340 adoptivi.
765 4250 881 4319 Christi
909 4250 1093 4320 obedientia
1131 4277 1197 4320 non
1249 4245 1354 4315 verbis
1382 4246 1516 4340 apostoli
1538 4243 1612 4319 Gal·
1634 4243 1696 4321 ΙΙΙ.
1718 4257 1769 4316 18.
1810 4245 1844 4312 Si
1865 4271 1905 4344 eir
1926 4245 1996 4341 lege
2017 4246 2134 4340 linere-2

321 4339 934 4425 eratdebira,cumetiamsecundum
951 4349 1199 4418 humantrnna·
1249 4349 1355 4419 ditos,
1382 4349 1528 4455 nonjrrm
1554 4370 1595 4413 ex
1611 4343 1819 4434 promisione.
1863 4350 1959 4437 Atqui
1988 4342 2112 4414 Abraba

320 4464 425 4518 turam
444 4445 657 4542 perlbnnliter
678 4441 779 4540 λόγῳ
810 4448 935 4516 unitam
958 4443 1056 4517 fuerit
1071 4450 1198 4547 'Donn-
1248 4469 1306 4544 pet
1320 4444 1562 4541 promisstonem
1586 4441 1719 4513 donavit
1740 4443 1853 4530 Deus;
1878 4442 1931 4513 ubi
1955 4438 2109 4514 manifelit

2021 4560 2108 4637 ⁰PP⁰¹
2137 4597 2142 4654 ¹.

360 4720 432 4803 (ὅ)
452 4723 547 4784 Marc.
566 4723 601 4781 X.
625 4738 671 4800 ις.
700 4723 770 4784 Luc.
785 4725 892 4789 XVIII.
913 4742 958 4807 Π.
988 4726 1123 4813 Quisquis
1142 4749 1199 4788 non
1352 4726 1517 4805 accipiunt,
1538 4721 1940 4783 utBeiiarminusconredit.
1981 4723 2057 4804 Ergo
2071 4717 2105 4778 ni·

424 4808 559 4881 receperit
581 4822 694 4881 regnum
717 4803 789 4871 Dei,
812 4826 845 4864 nr
866 4808 1012 4885 parrulos,
1034 4831 1088 4867 non
1107 4813 1197 4868 intra·
1235 4873 1243 4882 ·
1353 4808 1372 4866 li
1399 4809 1464 4900 puis
1491 4804 1550 4865 solo
1572 4806 1639 4875 jure
1668 4802 1843 4862 iraetnriitatis
1870 4804 1963 4861 vitam
1987 4815 2102 4862 arnmot!

423 4881 600 4941 bitinillnd.
642 4880 705 4956 Jam
728 4905 798 4944 vero
822 4887 938 4963 parvuli
962 4909 1023 4946 non
1047 4892 1199 4960 juremer-
1351 4881 2120 4960 aecrpiar‚ticutparvr1us‚noninnrbittnem.

420 4963 509 5031 cedis,
529 4960 578 5024 sed
591 4961 654 5024 solo
667 4964 734 5035 jure
752 4963 936 5036 hereditatis,
956 4968 1049 5029 vitem
1061 4986 1197 5030 ntertrarn
1351 4969 1618 5029 Guttuittnut.
