4900 5809
312 359 385 418 122
921 323 1051 398 roci
1074 318 1223 397 xviri.
1250 322 1361 400 cnr.
1393 295 1508 412 viri.

368 512 454 587 ando
478 529 586 586 antem
608 510 793 611 quaritur,
831 532 872 580 nn
902 507 1004 576 viram
1039 527 1193 577 aerernnn
1233 507 1329 577 minis
1350 503 1538 583 voluntate,
1564 499 1616 575 sed
1633 501 1749 602 reliqui
1765 500 1933 575 deducmt
1953 507 2111 576 rationem

312 640 386 718 quic
404 608 501 712 polilt
518 615 638 683 mereri
653 607 694 700 de
716 613 858 716 congreto
877 604 928 676 vel
952 604 994 676 de
1010 609 1194 704 condigno,
1233 609 1342 676 meriti
1367 603 1410 676 de
1437 606 1596 703 condigno
1615 608 1790 676 ecaritate.
1809 605 1962 674 'l'hocnas
1984 613 2013 678 1.
2033 631 2063 675 a.
2081 629 2111 700 q.

312 711 448 814 quidam
481 706 695 782 modeiliorer
733 705 928 804 tripondenr
960 707 999 774 de
1031 728 1193 803 congruo,
1240 724 1394 802 114.arr.
1417 712 1450 774 6.
1486 701 1845 798 (tpiasnojlrnmicadct
1868 706 2032 774 rationein
2052 728 2112 774 csse·

313 813 460 914 plerique
479 832 561 883 vero
584 812 622 878 de
645 810 800 904 condigno
828 809 928 876 vitam
956 827 1111 873 aternam
1135 828 1199 873 nos
1234 807 1292 878 riti
1322 828 1363 873 ex
1382 806 1527 873 dnobus:
1550 804 1659 896 primo
1686 827 1725 872 cx
1742 805 1774 872 vi
1797 803 1949 874 motionis
1968 805 2111 880 divinae,

313 913 496 1010 promereri
513 900 613 1006 poffe·
630 901 833 1001 respondent.
871 905 1029 974 Thomas
1049 905 1088 972 ll.
1121 900 1198 973 seur.
1238 901 1341 1003 &stc
1362 916 1504 973 meretur
1525 902 1646 996 aliquis
1668 905 1707 971 dc
1725 904 1908 997 condigno:
1933 901 2053 973 deinde
2067 903 2114 996 se-

315 1008 390 1082 dili.
408 1030 466 1093 27,
481 1031 515 1104 q.
534 1028 564 1081 3.
597 1007 740 1102 Quidam
754 1009 889 1089 dcent,
916 1006 1002 1098 quod
1021 1001 1138 1097 aliquis
1151 1004 1201 1071 vi·
1237 1007 1375 1074 cundum
1407 1005 1492 1098 qnod
1515 1003 1661 1098 procedit
1688 1024 1728 1071 cx
1753 1001 1848 1070 litero
1876 1003 2017 1071 arbitria
2034 1049 2048 1078 ,
2071 1000 2114 1076 ,θ’

315 1123 388 1183 tam
415 1120 581 1178 aeternam
602 1131 667 1190 non
684 1103 788 1199 potest
811 1105 927 1173 mereri
956 1125 995 1171 cn
1018 1102 1200 1200 condigno,
1238 1102 1308 1173 irinc
1330 1105 1483 1172 meritura
1497 1102 1643 1198 congrui.
1675 1105 1746 1190 Art.
1765 1123 1799 1178 4.
1825 1098 1935 1171 Attus
1950 1100 2046 1172 leniret
2060 1125 2116 1171 nct-

177 1225 179 1232 '
309 1209 371 1306 fed
389 1231 430 1277 esc
445 1228 590 1303 congruo
598 1230 611 1286 ;
637 1205 785 1275 aliiocro
801 1206 931 1280 dicunt,
956 1204 1041 1297 qnod
1054 1204 1125 1294 qais
1149 1212 1200 1270 cta·
1237 1205 1329 1271 cendi
1359 1203 1520 1272 rationem
1555 1202 1664 1296 primo
1695 1201 1870 1269 redivina
1895 1201 2116 1282 adiunctam

316 1311 384 1380 inni
410 1331 450 1376 cx
477 1307 635 1399 condigna
658 1308 760 1373 vitam
783 1314 949 1372 aeternnm
967 1299 1061 1393 pofflt
1084 1299 1199 1369 cacreri
1236 1297 1354 1371 deinde
1373 1323 1413 1371 esc
1430 1313 1529 1394 parte
1547 1299 1636 1369 liberi
1657 1300 1809 1376 arbitrii,
1833 1311 1998 1393 quantam
2023 1303 2066 1370 ad
2082 1323 2116 1370 a·

309 1430 374 1505 prr
389 1404 479 1478 adicer
493 1407 673 1474 virtatem:
698 1403 742 1472 ilii
759 1416 888 1478 tamen,
914 1402 968 1495 qni
989 1402 1119 1476 dicant,
1141 1421 1198 1468 nor
1236 1411 1387 1494 trncnqae
1394 1398 1624 1493 principalitas
1636 1400 1743 1468 meriti
1754 1421 1854 1492 penes
1866 1399 2041 1470 caritatem
2052 1422 2117 1470 con·

317 1531 359 1577 ex
371 1507 530 1600 condigno
540 1504 640 1573 vitans
653 1512 817 1572 aeternam
840 1502 955 1569 mereri
964 1493 1072 1594 ροβε,
1091 1501 1199 1570 nerias
1226 1497 1333 1600 ββὲῑ.ι
1355 1523 1434 1569 nain
1449 1504 1518 1568 nita
1532 1510 1666 1569 aeterna
1680 1497 1815 1596 conjillit
1825 1498 1861 1566 in
1870 1500 1938 1571 Dei
1939 1499 2115 1593 fruitione

317 1608 420 1675 dicere
449 1605 635 1682 videntnr;
661 1603 693 1669 id
722 1599 876 1693 confirma
908 1597 967 1669 cate·
994 1612 1198 1694 argumento.
1237 1612 1344 1668 rnotnr
1360 1611 1469 1669 aerem
1487 1597 1648 1668 lcnnrnnae
1669 1599 1783 1667 mentis
1805 1598 1851 1666 ad
1861 1597 2061 1692 fruitionem
2073 1602 2118 1669 di·

318 1701 462 1798 Sicut-sc
478 1699 570 1771 habet
583 1702 675 1793 culpa
694 1704 737 1770 ad
755 1723 902 1792 pactam,
928 1700 976 1767 ita
991 1720 1074 1788 opes
1093 1701 1199 1768 virta-
1237 1701 1305 1768 vini
1321 1699 1396 1768 boni
1411 1695 1622 1794 cstprapritcs
1637 1694 1730 1768 atius
1748 1698 1896 1766 caritatis
1910 1748 1924 1774 ,
1943 1721 2011 1792 per
2029 1721 2117 1793 quen

316 1807 362 1876 tir
379 1807 422 1872 ad
435 1803 630 1895 praemium.
678 1799 739 1868 Sed
761 1800 855 1890 enipi
878 1820 918 1866 esc
932 1798 1085 1893 condigno
1099 1821 1199 1866 merc·
1238 1821 1348 1868 omnes
1381 1796 1474 1868 attus
1502 1797 1644 1866 aliarum
1670 1798 1834 1866 uirtutem
1860 1798 2059 1868 ordinanter
2085 1801 2117 1869 ia

189 1933 191 1946 ·
316 1915 380 1975 tar
400 1924 527 1994 parnaso
553 1910 748 1976 aeternam,
776 1920 853 1992 ergo
882 1893 975 1966 abires
1004 1898 1199 1966 virtutisne
1237 1895 1320 1967 icnnc
1329 1896 1455 1990 finem,
1470 1895 1650 1990 secundans
1668 1900 1754 1990 qaod
1769 1895 1852 1965 aliae
1867 1897 2007 1966 virtutes
2024 1899 2116 1991 impc-

316 2003 474 2098 condigno
498 2009 637 2068 merctur
656 1999 764 2066 vitans.
780 2008 955 2065 aeternam.
982 1990 1107 2064 Eodem
1124 2019 1199 2066 nio·
1236 1988 1937 2068 rantaracaritate.Gabr.Bielll.sent.dist.
1949 2017 2051 2095 unq.
2064 2017 2113 2068 rt.

317 2100 364 2170 do
391 2099 600 2167 ratiocinatur
625 2091 827 2164 Bernhardus
855 2093 895 2164 de
920 2092 1020 2163 nutris
1045 2110 1135 2189 parte
1156 2093 1199 2167 ll.
1238 2113 1300 2167 art.
1320 2114 1350 2167 3.
1366 2093 1444 2168 dub.
1465 2117 1625 2189 quaerens,
1641 2115 1684 2162 an
1698 2090 1836 2163 liberum
1857 2092 2053 2172 arbitrium,
2078 2117 2116 2164 an

317 2195 430 2268 rosini
452 2189 549 2264 serm.
575 2195 645 2266 XX.
668 2191 858 2264 Guilielmus
884 2187 1141 2263 Altismdorenfis
1165 2193 1200 2262 in
1236 2197 1431 2290 verogratia
1444 2189 1652 2290 principalior
1667 2188 1708 2261 srt
1729 2188 1821 2264 rausa
1841 2195 1970 2288 meriti,
1988 2187 2116 2292 calpon·

317 2293 442 2367 sucrum
462 2316 555 2363 aurea
572 2290 622 2361 lib.
645 2294 702 2365 111.
719 2291 809 2362 tradl.
832 2311 885 2360 ra.
905 2290 1024 2360 utilius
1040 2289 1200 2362 conllriu·
1238 2289 1320 2369 det,
1354 2295 1512 2363 rationem
1543 2293 1655 2361 corriti
1672 2289 1932 2385 principalifflnte
1955 2294 2116 2364 conamin

208 2465 215 2474 ,
316 2398 367 2492 gir
382 2394 566 2490 argumenti
586 2414 749 2460 nervum:
772 2391 881 2460 Homo
899 2411 939 2458 esc
956 2391 1111 2487 condigno
1131 2415 1200 2461 aaa·
1231 2391 1327 2464 ndei
1343 2416 1384 2462 ex
1407 2394 1620 2484 acceptatione
1635 2393 1768 2474 dininas
1792 2389 1848 2460 iila
1865 2393 1952 2460 enim
1972 2391 2115 2488 en‘jtencr

317 2495 357 2564 lis
373 2494 520 2587 operibns
548 2501 690 2560 accretnr
716 2501 852 2558 morte-cn
876 2499 1066 2571 aeternnm,
1106 2491 1200 2560 aliter
1236 2491 1547 2588 (inquic)scmotis
1576 2493 1720 2561 ocnnibas
1744 2488 1837 2562 adita
1859 2489 1902 2585 cst
1924 2493 2116 2562 meritorius.

317 2605 430 2690 ageret
455 2588 545 2661 Dens
570 2587 682 2686 injrpic
702 2590 876 2686 infligendo
900 2610 978 2656 enm.
1028 2589 1083 2660 Ac
1103 2614 1200 2684 opera
1236 2593 1278 2660 Et
1294 2588 1390 2686 paulo
1406 2607 1494 2659 ante:
1520 2590 1599 2660 Non
1617 2594 1818 2686 requiritur,
1842 2594 1927 2686 qaod
1943 2590 2040 2664 adas
2055 2615 2115 2688 rap·

236 2688 239 2694 ’
316 2694 402 2761 bonu
418 2693 523 2785 iringis
537 2687 621 2781 stent
639 2689 746 2764 bocca,
773 2710 870 2781 qnam
895 2687 982 2755 sitnia
1004 2710 1102 2778 opera
1115 2689 1200 2783 sant
1236 2691 1294 2758 riti
1300 2689 1479 2785 ficnrcdnsn
1489 2688 1689 2782 intrinsecam
1704 2692 1878 2759 bonitatem
1880 2690 1930 2788 fit
1942 2695 2116 2790 condignus

316 2793 412 2860 raaia.
464 2791 558 2884 Ergo
577 2787 674 2854 crinito
687 2788 816 2882 sortirer
832 2787 921 2854 doctis
936 2788 1082 2877 operibus
1096 2811 1197 2855 arere·
1226 2787 1289 2882 sen
1305 2792 1576 2883 proportionetur
1590 2791 1758 2880 proc-mlo,
1783 2791 1866 2860 aiiac
1888 2791 1998 2864 nectes
2025 2791 2115 2864 siffis

316 2902 376 2960 tar
394 2889 495 2957 vitam
513 2899 678 2954 aeternam
697 2911 736 2956 ex
758 2881 926 2982 condigno.
950 2882 1093 2953 ibidem:
1119 2891 1195 2956 Srr-
1236 2886 1420 2981 temporalis
1445 2884 1516 2985 ψ
1538 2892 1899 2984 arcariorondigne15
1923 2889 1988 2984 scd
2014 2892 2115 2962 condi·

316 2990 432 3058 niciam
446 2988 557 3084 gratis
574 2984 749 3079 impensem
769 2987 889 3080 obligat
906 2985 1127 3075 recipientem,
1149 2983 1197 3059 td
1231 2990 1347 3083 gaitae
1362 2990 1550 3056 adtendit-scr
1563 2988 1598 3055 in
1606 2989 1767 3086 proposito
1785 3013 1825 3057 esc
1842 2989 1956 3059 divina
1973 3001 2116 3085 accepta·

316 3087 394 3158 iaec
411 3083 451 3180 est
473 3086 648 3154 communis
663 3087 764 3154 animi
777 3086 936 3175 receptio,
959 3086 1109 3178 quoniam
1126 3109 1197 3154 con-
1236 3089 1330 3157 tione.
1381 3088 1522 3160 Proinde
1539 3087 1832 3182 debitamjastitiae
1851 3089 2115 3180 inpracnriandr

315 3189 458 3256 tranium
478 3188 546 3283 ejccr
565 3207 629 3251 non
646 3187 758 3278 recipit
776 3183 974 3261 liberalitem
999 3183 1094 3252 aliter
1115 3187 1197 3253 rstica
1236 3185 1345 3258 aidum
1365 3212 1429 3256 non
1449 3187 1568 3255 nititur
1586 3186 1726 3256 ¹bonitati
1751 3185 1844 3258 attus
1860 3234 1874 3262 ,
1899 3211 2000 3282 quares
2023 3187 2116 3260 tarn

190 3339 192 3344 .
228 3289 233 3302 '
306 3285 423 3379 facere
446 3281 716 3378 eslingrntitndo.
767 3281 1007 3373 Scdfiroitirnsc
1023 3283 1197 3376 impensu-m
1238 3311 1277 3356 cx
1296 3297 1418 3355 ntrcrcro
1443 3284 1639 3377 intrinseca,
1661 3287 1722 3382 scd
1746 3288 1873 3356 divinae
1903 3289 2113 3359 ordinationi.

314 3387 439 3456 Dcoax
454 3384 592 3448 raritate
606 3377 648 3471 est
662 3384 773 3474 gratis
794 3379 980 3472 inpendiat.
1029 3382 1124 3476 Ergo
1139 3385 1196 3450 ob·
1237 3382 1456 3480 Apollolum,
1482 3382 1613 3478 quando
1627 3401 1739 3482 negat,
1753 3383 1908 3482 pelliones
1924 3381 1987 3457 elle
2000 3386 2116 3458 cnudi-

301 3483 397 3579 ligat
407 3481 515 3548 Decem
525 3482 568 3544 ad
579 3482 867 3546 remunerationem
878 3502 890 3554 ;
901 3490 1027 3546 tenetur
1037 3481 1118 3546 enine
1127 3484 1196 3548 rcd·
1236 3507 1316 3578 guas
1343 3477 1459 3550 futura
1477 3480 1589 3578 gloriae
1603 3531 1616 3557 ,
1654 3481 1898 3582 intelligendum
1922 3477 1989 3555 effe
2013 3485 2114 3565 dicit,

314 3587 389 3649 dere
400 3577 607 3672 praemium,
634 3578 727 3645 aliter
742 3573 812 3671 effet
832 3577 1001 3672 ingratus,
1016 3574 1064 3649 (j
1081 3577 1195 3674 injuste
1237 3580 1278 3650 de
1300 3582 1442 3651 bonitate
1458 3581 1630 3675 intrinseca
1645 3605 1802 3674 opernm,
1817 3611 1880 3656 non
1895 3590 1934 3655 dc
1947 3608 2003 3668 cn,
2017 3610 2115 3682 quam

232 3701 240 3706 ·
304 3679 432 3775 saccret
454 3699 525 3746 casn
542 3674 624 3753 tali,
648 3676 708 3774 nisi
727 3678 878 3754 redderet.
909 3677 1130 3745 Bonnvrnturu
1154 3680 1194 3750 ll.
1236 3679 1351 3750 debent
1366 3705 1405 3750 ccc
1444 3683 1531 3749 ratio
1548 3692 1732 3774 cooperante
1755 3682 1802 3756 8⁴7*
1817 3687 1915 3754 libera
1935 3685 2007 3757 Dei
2031 3710 2114 3758 accc·
2155 3745 2158 3772 ,

308 3776 392 3848 ¹sent.
412 3772 484 3846 dill.
506 3794 560 3859 27.
587 3776 676 3844 Sicee't
694 3776 810 3869 aliquis
832 3798 895 3842 nort
917 3769 988 3869 mser
1010 3790 1194 3857 coutentes,
1229 3783 1387 3874 piatione.
1417 3704 1511 3849 ieci.
1536 3777 1614 3848 LIX.
1641 3782 1674 3848 in
1696 3805 1767 3853 can.
1791 3776 1902 3852 nciffae.
1951 3783 2115 3876 Pnffiancs
2154 3781 2158 3922 l

302 3877 398 3977 fide
409 3875 609 3969 sencinenon
631 3875 782 3967 reciperet
802 3875 994 3965 decnpinne;
1014 3875 1066 3971 βι
1088 3878 1195 3945 niellus
1236 3903 1301 3948 non
1339 3891 1399 3949 cent
1426 3882 1604 3972 condignae
1631 3879 1848 3974 adfectatam
1873 3881 2046 3979 gloriosa,
2080 3886 2114 3955 in
2156 3929 2158 3944 ι

312 3972 370 4072 effe
380 3970 481 4069 ροβε-β
500 3983 662 4041 contentas
680 3973 878 4063 exoperibus
894 3974 1192 4068 riceritoriisfaeiis,
1236 3990 1394 4068 qnantum
1403 3976 1488 4069 ssent
1499 3976 1672 4068 pctffioncs:
1684 3978 1768 4070 snat
1789 3993 1897 4050 antem
1916 3984 2116 4082 condignae,
2156 3953 2158 4060 l

311 4075 371 4172 nist
383 4096 446 4164 pro
462 4073 505 4139 cis
520 4072 669 4161 reciperet
685 4074 870 4161 praesidinm
885 4069 1084 4165 pcrseiinnt,
1110 4078 1194 4167 qnod
1235 4080 1270 4146 in
1295 4091 1453 4171 qnantum
1465 4074 1558 4166 finnt
1576 4097 1616 4144 cx
1640 4080 1785 4149 caritate.
1813 4077 2010 4154 Guilielrnus
2034 4079 2114 4154 Alti-
2155 4065 2158 4132 l

311 4167 505 4264 concipiet&
522 4169 1007 4265 terminattotenadcſsdcrinm.
1046 4169 1191 4241 Ibidem:
1234 4171 1427 4245 liodorensrs
1443 4171 1497 4244 lib.
1518 4176 1572 4243 lll.
1587 4177 1674 4244 erudi.
1696 4179 1710 4238 ῐ
1718 4200 1748 4244 a.
1763 4201 1830 4272 cap.
1854 4202 1925 4276 r.q.
1946 4201 1978 4251 2.
2006 4181 2114 4255 [tamir
2155 4171 2158 4252 l

310 4274 348 4342 Si
373 4269 590 4368 confideratrcr
610 4271 714 4359 operis
737 4271 908 4356 arduitas,
934 4271 1010 4363 qnia
1028 4271 1091 4338 tale
1114 4295 1194 4362 opas
1234 4275 1458 4348 contrarium,
1485 4272 1629 4343 videlicet
1658 4273 1747 4370 quod
1770 4281 1921 4347 meritant
1933 4293 2000 4370 'prr
2012 4286 2114 4374 priur
2156 4257 2158 4322 l

298 4372 349 4470 βε
365 4367 406 4462 ιβ
425 4371 459 4437 in
488 4367 838 4462 uoluntatesacientis,
864 4369 953 4466 cetfit
961 4366 1069 4461 supra
1086 4371 1191 4446 uires,
1233 4371 1279 4445 ij
1290 4375 1507 4465 principalius
1523 4397 1541 4440 a
1548 4371 1640 4464 fide,
1663 4398 1761 4468 quarn
1776 4399 1799 4446 a
1813 4381 1949 4448 caritate
1958 4385 2111 4470 pendeat.
2156 4371 2158 4380 ¹

309 4481 346 4538 nt
366 4468 464 4538 domo
480 4466 616 4534 elevetur
630 4467 818 4562 iccsact‘cndo
836 4466 1115 4561 ipsnmstcprase,
1144 4468 1192 4542 ξφ
1233 4473 1286 4540 Sic
1305 4473 1340 4539 Τ
1341 4472 1457 4541 homes
1474 4472 1497 4540 l.
1517 4493 1548 4541 2.
1570 4497 1601 4564 q.
1625 4495 1655 4552 5.
1673 4490 1730 4544 art.
1755 4496 1790 4556 7.
1813 4469 1974 4570 disputat,
1998 4477 2112 4554 labere

309 4571 390 4636 bimo
412 4566 547 4660 propria
562 4577 748 4656 pracponnc
766 4567 881 4636 lanam
903 4577 1098 4646 tattonem,
1122 4566 1192 4637 ltine
1226 4569 1406 4664 perfodiunt
1430 4572 1545 4639 bonnm
1555 4573 1630 4669 fine
1648 4583 1736 4641 nsoter
1758 4577 1897 4668 proprio
1911 4628 1927 4656 ,
1949 4599 1965 4645 e
1990 4602 2007 4645 c
2030 4605 2115 4673 pro·

296 4664 371 4760 -ιβ,
403 4667 487 4756 quod
509 4665 571 4730 tole
591 4688 696 4758 granc
721 4664 824 4756 <perir
846 4675 979 4730 decerna
1005 4688 1191 4736 rencecnera-
1226 4673 1341 4760 prium
1366 4671 1431 4741 Dei
1453 4691 1467 4749 ,·
1501 4669 1613 4740 laedere
1637 4672 1716 4740 iilud
1737 4695 1800 4742 nno
1827 4571 1999 4774 moreest
2005 4681 2112 4778 angeli

309 4761 450 4858 tionerst
473 4763 631 4856 dignam,
657 4759 703 4833 ΕΤ
719 4761 761 4856 βι·
775 4784 838 4852 per
855 4759 958 4852 ipsunt
980 4767 1096 4831 arcturi
1117 4789 1189 4834 core·
1227 4770 1436 4860 proprinm;
1461 4765 1573 4838 labere
1593 4773 1670 4840 iliad
1691 4771 1801 4842 multis
1823 4775 1961 4844 motibus
1981 4783 2113 4852 merito·

272 4933 274 4937 ,
308 4864 385 4957 tigit
413 4863 524 4930 merito
550 4862 699 4956 condigni
720 4859 821 4953 ,pubi
845 4861 1067 4929 Bonuvenusra
1089 4867 1188 4932 ratio·
1233 4867 1290 4936 riis
1308 4865 1548 4964 cffepropritm
1570 4869 1724 4939 auncinis:
1748 4868 1852 4940 nihilo
1873 4889 1982 4944 tamen
2002 4881 2113 4951 minus

258 5021 283 5032 -
307 4983 388 5034 netu
409 4960 519 5034 meriti
547 4955 680 5062 dedue'p
702 4957 742 5030 ab
752 4961 869 5060 ‘operis
892 4958 1049 5060 arduitate
1070 4983 1107 5032 ac
1127 4960 1189 5062 iso·
1231 4958 1348 5040 diserte
1369 4962 1520 5044 scribirl.
1542 4991 1573 5042 2.
1603 4993 1638 5066 q.
1663 4959 1830 5070 rupert,
1850 4993 1884 5060 7.
1904 4966 1988 5074 asp,
2010 4977 2054 5049 ,d
2078 4999 2112 5054 3,
2156 4963 2158 4970 '

2021 5073 2115 5171 quod
