4900 5809
808 372 878 442 nu
909 370 1128 450 sturnus,
1151 370 1681 462 suctumutltfflRUM·
2069 397 2140 477 291
2260 371 2265 380 ’

334 547 635 626 eumaudiemus,
664 551 722 646 qui
739 548 921 623 dobltiaam
937 555 1094 623 Romane
1116 550 1218 623 eccle·
1260 556 1303 623 ad
1322 551 1505 647 Cbristam,
1529 555 1574 622 ad
1603 540 1753 647 gratiam
1775 548 1863 639 Dei,
1902 554 1949 623 ad
1963 549 2141 648 efficaciam

339 645 393 717 fiac
412 647 455 719 de
476 643 614 720 efficacia
634 644 913 721 sacrattsentorum
938 643 1077 746 speciose
1104 647 1216 728 edme-
1261 654 1411 746 Spiritus.
1463 651 1552 838 juia
1575 653 1660 720 enirn
1694 649 1789 720 Deus
1817 651 1852 719 in
1883 651 1952 730 iis,
1992 675 2076 752 quqe
2094 651 2141 724 ad

333 743 420 816 dum
436 749 559 844 pingit,
583 753 617 820 dt
633 748 716 819 hanc
732 746 941 844 questionem
963 747 1007 818 de
1025 772 1120 841 opere
1144 774 1216 846 ope·
1250 750 1394 845 statutam
1425 773 1467 820 no
1493 774 1567 819 rum
1595 748 1792 844 pertinent,
1832 772 1894 841 per
1919 762 2007 822 eerta
2035 745 2140 824 atedia'
2254 821 2272 850 0

337 857 416 916 rato
431 843 711 917 intricariffimam
735 846 855 919 reddit.
919 846 1008 919 Libe.
1031 849 1073 920 11.
1103 846 1215 922 de'lit·
1260 850 1330 919 uult
1351 834 1507 941 nobistuiu
1529 872 1653 945 agere,
1675 844 1725 920 &t
1740 847 1987 942 attentaſsem
2003 847 2069 945 ipse
2085 873 2139 922 or·

337 966 443 1014 eraso.
456 967 528 1040 cup.
551 970 576 1013 1.
593 971 727 1026 monet,
751 948 805 1036 1.)
830 972 893 1017 non
907 944 963 1042 effe
976 970 1048 1016 eum
1063 944 1216 1043 quaestio·
1258 951 1386 1018 dinavit
1413 945 1461 1020 ss
1487 945 1628 1044 instituit
1654 947 1787 1016 uerbum
1807 947 2023 1041 promiffiauis
2041 949 2139 1022 suani

337 1043 390 1112 nis
395 1040 540 1136 statum,
551 1068 595 1115 an
605 1042 816 1136 sertramenta
818 1047 889 1145 fist
903 1042 1016 1136 confise
1021 1045 1215 1138 primariae,
1255 1046 1361 1141 geta.
1387 1048 1472 1142 quod
1487 1048 1661 1141 aliquando
1668 1044 1858 1142 simpliciter
1874 1070 1939 1141 per
1948 1046 1989 1141 se
1998 1046 2064 1145 five
2076 1045 2140 1118 nu·'

324 1139 391 1234 ssd
405 1165 451 1210 an
463 1137 758 1238 fintinflrumenta
778 1147 871 1224 Dei,
895 1144 951 1214 boe
966 1142 1029 1239 est,
1052 1168 1098 1214 aa
1119 1146 1217 1216 Deus
1257 1150 1335 1213 dum
1355 1147 1580 1238 proponitur,
1612 1144 1788 1239 aliquunde
1815 1166 1893 1218 uero
1909 1141 2058 1236 uestitum
2072 1145 2137 1238 seu

330 1262 395 1330 per
399 1239 606 1331 sacramenta
622 1266 679 1311 nos
691 1243 865 1341 justificet,
887 1267 954 1313 non
974 1254 1080 1311 autem
1100 1243 1217 1336 rafim
1258 1243 1372 1340 visibile
1389 1242 1524 1338 fabium
1555 1244 1651 1314 certis
1678 1266 1703 1309 a
1734 1241 1807 1312 Deo
1842 1240 1999 1340 institutis
2018 1244 2141 1316 ritibus

335 1339 581 1438 cransr'ntaſsne
596 1342 700 1412 Deo?
729 1337 1038 1439 temptamenta
1057 1334 1211 1413 ellectu·
1246 1341 1310 1435 seu
1318 1337 1547 1436 sacram'entis.
1600 1339 1749 1412 Verbum
1766 1341 1875 1436 igitur
1894 1341 2135 1438 &firmamen-

334 1427 385 1505 sas
412 1431 666 1527 instrumentales
681 1439 924 1532 justificationis,
939 1432 1037 1510 facile
1062 1438 1216 1510 concedi·¹
1255 1452 1291 1509 ta
1308 1438 1485 1533 monstrant
1507 1440 1620 1523 nobis,
1643 1440 1698 1507 ubi
1709 1439 1798 1531 fides
1825 1442 1937 1511 debeat
1957 1463 2133 1538 quaerere,

336 1555 436 1613 tuus,
461 1534 495 1604 id
519 1559 597 1606 vero
613 1525 862 1637 improbamus,
888 1536 980 1635 quod
1010 1535 1144 1630 quidam
1171 1559 1210 1607 ex
1256 1537 1303 1614 Εἴ
1324 1541 1379 1608 ubi
1404 1532 1497 1632 pqffit
1520 1539 1664 1608 inuenire
1697 1533 1861 1705 quipluns
1893 1541 2101 1610 mediatorem
2115 1588 2136 1617 ,

333 1631 539 1704 Scholasticis
555 1635 714 1723 statuunt,
746 1641 778 1709 in
816 1636 892 1735 ipsis
917 1634 1119 1711 sacramentis
1149 1659 1210 1731 po·
1253 1638 1392 1708 Patrem
1419 1634 1467 1712 Εἴ
1496 1638 1654 1729 Spiritum
1676 1634 1746 1728 stan
1780 1657 1862 1722 um,
1884 1640 1935 1707 ita
1964 1650 2003 1710 ut
2025 1639 2132 1748 nobiq

333 1728 476 1800 nendum
500 1730 641 1829 aliquam
668 1740 820 1807 virtutem
838 1730 1131 1833 supernaturalem,
1156 1727 1208 1802 su·
1252 1759 1325 1804 curn
1342 1739 1447 1833 ag'ant
1461 1785 1475 1814 ,
1499 1735 1686 1808 exhibeant,
1716 1731 1878 1827 adplicant
1900 1734 1951 1811 θ’
1971 1737 2131 1836 obstgnent
2267 1773 2270 1778 >

335 1847 406 1922 prus
423 1831 575 1898 virmtem
603 1835 799 1913 naturalem,
826 1859 897 1929 qun
924 1829 964 1902 stt
983 1828 1133 1925 quaedam
1157 1843 1216 1904 res.
1250 1832 1403 1927 beneficia
1415 1887 1426 1915 ‚
1453 1856 1534 1928 quae
1558 1830 1705 1926 carptus
1718 1836 1923 1924 promeruit,
1942 1832 1994 1907 θ’
2009 1839 2047 1904 dc
2061 1835 2131 1930 qui·

333 1921 692 2022 absolutespisituslis,
716 1957 755 2003 ac
778 1937 929 2004 uirtutem
957 1927 1044 1998 illam
1067 1924 1127 1998 else
1153 1953 1217 2002 ene.
1253 1933 1312 2002 bus
1327 1933 1529 2028 euangelium
1545 1934 1764 2001 concionatur.
1815 1934 1868 2004 Et
1885 1933 1921 2001 ia
1943 1930 2003 2026 assu
2013 1931 2130 2027 surtra-

318 2017 539 2110 ‚absolutum
587 2027 661 2099 licet
694 2055 762 2101 non
797 2029 995 2127 completum
1010 2073 1024 2102 ‚
1057 2027 1121 2095 hoc
1142 2025 1208 2112 est,
1252 2028 1528 2123 mentorumfides
1548 2049 1612 2098 non
1634 2030 1763 2123 quaerit
1783 2041 1844 2099 aut
1877 2029 2004 2124 rqspicit
2032 2026 2129 2128 epfen-

291 2194 302 2199 ,
330 2117 447 2190 uotum
479 2121 655 2195 efficacium
676 2126 764 2198 illam
789 2124 980 2199 conserendi
1002 2127 1138 2219 gratiam
1171 2130 1207 2196 dt
1251 2129 1361 2198 tialem
1382 2131 1525 2218 aliquam
1548 2128 1702 2196 virtutem
1717 2125 1782 2221 seu
1814 2126 1980 2221 ffcaeiam
2018 2129 2128 2199 inbae-

330 2219 489 2313 operandi
514 2219 645 2293 salutem
670 2228 824 2298 inhaerere
845 2222 1072 2300 sacramentis,
1100 2239 1136 2291 ut
1154 2246 1206 2292 uc·
1251 2239 1375 2297 rentem
1397 2227 1471 2323 ipſss
1485 2227 1627 2296 externis
1644 2224 1929 2318 fircrasnentmum
1945 2228 2127 2311 elementis,

329 2314 441 2387 ddunt
454 2318 624 2411 quoddam
632 2326 824 2425 pbpstcum,
849 2322 935 2395 velut
960 2316 1051 2391 calor
1070 2321 1206 2390 inhaeret
1236 2324 1305 2418 scd
1323 2327 1359 2394 in
1373 2324 1595 2416 prorniffiouc,
1621 2345 1703 2416 quae
1721 2323 2126 2424 adnexaestfittrumento,

329 2413 419 2508 igni,
441 2420 624 2489 conducens
643 2448 680 2492 ex
696 2445 798 2521 opere
820 2437 956 2518 operato
978 2443 1047 2488 uon
1067 2411 1205 2489 interte-¹
1250 2424 1404 2518 quaerit,
1420 2421 1625 2512 adprehendit
1640 2420 1687 2492 ss
1699 2423 1818 2516 decipit
1830 2426 1977 2518 gratiam
1993 2423 2126 2504 Patris,

328 2515 437 2585 niente
458 2512 536 2586 fide.
593 2521 656 2587 Cui
692 2523 845 2617 opinioni
872 2520 962 2589 recle
1000 2511 1032 2586 se
1064 2518 1204 2611 opponit
1247 2505 1487 2590 meritum'bilii
1502 2519 1552 2592 ΡΤ
1567 2517 1732 2612 ffeaeiam
1746 2522 1890 2613 Spiritus
1894 2519 2016 2615 srrnbbi,
2044 2524 2127 2592 Huc

328 2606 556 2693 Chemnitius,
592 2622 732 2710 graviter
764 2625 800 2692 dt
830 2610 965 2688 nervose
992 2610 1037 2683 stc
1064 2610 1203 2684 scribent
1250 2620 1365 2689 ottrnia
1387 2615 1617 2704 Chemuitius,
1642 2641 1710 2712 quo
1733 2620 1873 2714 pertinet
1893 2616 1973 2689 illud
2005 2615 2136 2716 Hugo·'
2240 2621 2244 2630 '

286 2798 291 2803 ¹
328 2729 401 2804 cap.
425 2709 468 2779 de
492 2706 626 2785 saccant.
660 2714 745 2790 effic.
793 2714 1013 2787 Sarranaentis
1042 2712 1202 2782 tribuitur
1249 2718 1299 2787 nis
1323 2713 1427 2786 modo
1452 2718 1607 2799 citatum,
1649 2714 1738 2810 quod
1761 2717 1877 2814 gratia
1896 2717 2019 2816 nonsit
2035 2713 2137 2810 asa-'-

327 2809 436 2876 metus
452 2809 505 2879 illa
522 2811 568 2883 &
584 2812 742 2906 ffeaeia,
768 2840 833 2885 non
852 2817 937 2910 quad
959 2814 995 2879 in
1010 2808 1201 2903 fitcramen·
1247 2816 1423 2886 eramentis
1438 2861 1453 2890 ,
1477 2835 1576 2907 neque
1600 2814 1638 2879 de
1649 2810 1868 2906 sacramentis
1884 2870 1895 2902 ,
1906 2814 1971 2928 [εά
1989 2816 2124 2886 oriatur

328 2905 372 2973 tis
386 2920 483 2977 extra
495 2908 559 2999 seu
575 2927 710 3002 praeter
728 2916 880 2983 meritum
908 2911 989 2982 Cbri
1016 2911 1051 2984 i,
1083 2907 1202 3001 afferi·
1246 2913 1372 3007 asonte
1385 2907 1592 2995 ueterum&
1605 2909 1782 2981 naurtacur
1797 2913 1839 2981 ab
1862 2936 1975 2983 anema
1998 2915 2032 2982 in
2050 2911 2124 3013 ipfis

327 3006 470 3074 cordiam
492 3008 635 3087 Patris,
662 3010 709 3086 ΕΤ
728 3013 895 3107 efficaciam
919 3008 1061 3102 Spiritus
1078 3003 1202 3101 fiendi,
1237 3010 1466 3106 firmamentis.
1517 3009 1664 3105 Itemque
1691 3007 1771 3079 illud
1795 3007 1941 3080 Thomu
1965 3027 2046 3106 part.
2065 3009 2124 3086 lll.

326 3106 511 3195 quaerenda
525 3107 568 3202 fit
575 3113 691 3203 gratia
708 3117 752 3179 art
761 3111 905 3203 statutam
921 3153 933 3193 ‚
946 3104 1007 3198 scd
1015 3104 1204 3198 sacramen·
1248 3134 1280 3204 q.
1294 3115 1352 3179 σι.
1370 3111 1459 3178 artic.
1475 3129 1502 3177 ι.
1527 3107 1737 3176 Sacramenta
1751 3104 2125 3203 instrumentalitercau·

326 3211 365 3267 ta
395 3201 475 3294 ssent
518 3206 630 3300 eausrse
656 3207 929 3301 instrumentales,
956 3207 1004 3273 ita
1035 3206 1119 3299 quod
1140 3225 1203 3295 per
1242 3205 1322 3300 fiant
1333 3209 1480 3304 gratiam
1492 3228 1505 3284 ;
1530 3202 1626 3297 causa
1640 3206 1868 3300 principalisa
1894 3207 1920 3276 it
1927 3231 1993 3302 per
2017 3208 2124 3276 uirtu-

327 3297 383 3367 illa
401 3302 573 3397 media'seu
595 3330 722 3403 organa
739 3308 846 3378 Pater
864 3306 934 3375 vult
944 3304 1093 3400 gratiam
1099 3300 1203 3394 suam
1249 3317 1311 3375 tens
1323 3304 1409 3399 sutae
1417 3305 1574 3400 fhrusae,
1602 3326 1665 3397 quo
1687 3309 1780 3374 modo
1803 3231 1899 3397 eausa
1915 3305 2036 3400 fislutis
2055 3327 2124 3375 nan

327 3397 493 3476 exbibete,
530 3405 672 3487 donare,
698 3406 888 3498 adplicares
923 3401 1029 3472 bilius
1054 3402 1206 3470 meritum
1245 3396 1292 3494 eti
1305 3397 1509 3497 adscribenda
1529 3400 1660 3499 nsssiti
1676 3403 1760 3474 Deo.
1810 3401 1922 3495 Causa
1937 3402 2125 3497 iezstrumem
2222 3447 2228 3468 ,

313 3492 418 3587 ficum
438 3506 670 3573 communicare
699 3506 924 3579 credentibus,
957 3500 1099 3592 Spiritus
1114 3498 1205 3593 ¹san·
1249 3504 1326 3572 talis
1342 3525 1407 3572 nors
1425 3504 1497 3599 agit
1521 3501 1580 3598 nist
1599 3522 1659 3591 prr
1673 3513 1818 3578 motum,
1841 3524 1904 3595 quo
1920 3513 2067 3570 mouetur
2080 3499 2123 3572 ab

327 3594 399 3666 dus
420 3596 586 3691 efficaciam
595 3601 697 3695 suam
722 3600 861 3694 esstrere
890 3602 934 3668 ad
950 3596 1096 3691 fhlutem
1112 3599 1206 3666 ornei
1249 3612 1365 3697 agente
1379 3600 1584 3693 principali,¹
1600 3600 1684 3668 unde
1702 3597 1904 3695 efflblusnon
1921 3599 2122 3698 adfimilatur

325 3697 475 3765 eredenti.
525 3699 598 3770 Hoc
625 3705 718 3769 modo
743 3712 851 3769 maeret
876 3697 949 3766 Deo
975 3695 1087 3791 gloria
1104 3693 1202 3787 sua,
1251 3694 1552 3792 ieestrumento,sed
1563 3697 1739 3790 principali
1762 3699 1885 3792 agenti.
1935 3699 2041 3794 Aqua
2063 3696 2124 3767 ba·

323 3805 366 3866 ut
389 3797 505 3892 gratia
547 3820 611 3865 non
640 3800 717 3868 alibi
733 3789 952 3893 quaeratur,
990 3816 1088 3888 quam
1114 3796 1205 3885 apud
1243 3794 1356 3889 ptismi
1379 3795 1533 3864 abluendo
1548 3793 1849 3889 corpussesunduns
1872 3796 2024 3864 uirtutem
2038 3816 2143 3896 prm·

326 3893 439 3964 Deum
463 3895 628 3971 Patrem,
666 3900 809 3991 pretium
828 3894 890 3991 seu
920 3890 1016 3985 eausa
1037 3893 1204 3962 meritoria
1242 3896 1356 3988 priam
1379 3893 1481 3962 abluit
1503 3894 1670 3969 animata,
1697 3896 1731 3963 in
1760 3904 1920 3987 quantum
1940 3892 1983 3988 est
2005 3889 2123 3990 irfiru·

325 3991 510 4085 rensifflonis
547 4005 752 4087 peecatorum
788 3996 834 4068 ΕΤ
867 3994 935 4062 etta
971 4002 1104 4058 aeterna
1136 4013 1203 4058 nan
1250 4004 1393 4061 mentum
1411 3993 1544 4061 virtutis
1562 3990 1702 4064 diuinae.
1753 3995 1834 4061 Huc
1849 3990 2002 4061 Thomas
2015 3984 2124 4064 rectis·

325 4081 404 4161 alibi
433 4106 637 4183 quaeratur,
680 4118 777 4188 quam
800 4096 834 4161 in
858 4087 984 4182 Clsristo
1005 4084 1051 4160 s!
1075 4089 1109 4154 in
1132 4110 1206 4179 opes
1250 4085 1342 4162 seme.
1390 4083 1619 4181 Quinimoipse
1633 4085 1841 4160 bellarminus
1857 4086 2124 4185 idquodammo·

320 4190 452 4259 ratione
477 4191 619 4282 Spiritus
639 4191 758 4284 srrnbii.
820 4192 1029 4258 Sacramenta
1052 4207 1126 4254 uero
1147 4186 1203 4253 itta
1250 4184 1299 4256 do
1310 4183 1483 4283 agnoscit,
1508 4180 1550 4252 fic
1566 4186 1656 4255 enim
1673 4182 1780 4255 scribit
1794 4183 1867 4255 libr.
1883 4188 1922 4256 ll.
1934 4185 1977 4258 de
1989 4181 2124 4260 sectant.

324 4285 476 4381 benefida
498 4292 534 4357 in
552 4291 646 4361 uerbo
677 4292 766 4360 nobis
784 4296 995 4382 proponunt,
1022 4286 1204 4377 admunt,
1251 4307 1321 4379 cap.
1345 4306 1397 4353 ιι.
1416 4278 1497 4379 resp.
1518 4280 1558 4352 ad
1570 4280 1671 4377 poslr.
1685 4307 1755 4378 arg.
1777 4283 1915 4354 membr.
1941 4306 1973 4358 3.
1999 4285 2121 4356 Sacra·

323 4384 471 4456 exhibent
489 4385 536 4461 δ’
559 4389 753 4489 obsignant,
791 4400 888 4484 atque
916 4389 964 4454 ita
991 4385 1114 4452 ducunt
1143 4402 1203 4450 nor
1253 4379 1449 4476 mentasuut
1465 4379 1580 4473 caustis
1593 4378 1874 4475 instrumentales,
1895 4373 2124 4551 uirturaqtrni

758 4491 760 4498 ·
968 4526 972 4534 .
2058 4503 2123 4550 sus-

431 4662 498 4722 sunt
516 4664 576 4743 ipse
597 4664 853 4728 Guttttttutts
868 4659 966 4723 noller
982 4659 1013 4720 in
1038 4654 1113 4738 consi
1135 4675 1205 4718 .ea·
1270 4641 1275 4650 ⁴
1353 4657 1475 4742 Quibus
1507 4676 1545 4718 ex
1571 4655 1788 4719 recentioribus
1820 4653 1942 4746 ecclesia
1981 4656 2127 4717 Romane

428 4742 734 4826 etot.p.nts.seqq.
786 4735 1202 4804 catassamitum
1354 4736 1527 4799 usuaribus
1578 4738 1847 4800 Honoratus
1891 4735 2129 4798 Touuum

425 4822 573 4900 deferrem
596 4846 653 4903 cap.
667 4849 688 4884 r.
711 4827 743 4888 dt
765 4824 874 4887 Fottu
891 4834 1002 4883 estus
1026 4821 1058 4879 iu
1080 4818 1204 4894 irulrust.
1356 4817 1389 4876 in
1407 4817 1527 4900 pressit.
1547 4818 1663 4902 ebraleg.
1676 4835 1748 4882 tarn.
1763 4815 1822 4878 HI.
1843 4834 1874 4899 p·
1890 4824 1932 4893 38.
1940 4813 2017 4897 [ῃ.
2036 4813 2126 4898 iungi
2262 4903 2268 4910 ι

427 4904 692 4987 britanica-rbeatag.
718 4901 782 4965 tabe.
799 4902 854 4965 ttt
880 4917 948 4986 cap·¹
966 4898 1008 4962 tt.
1030 4895 1061 4976 §·
1082 4899 1109 4959 t.
1131 4892 1201 4978 seqq.
1351 4912 1493 4959 meretur.

345 5015 350 5020 ·
460 5015 554 5091 tom.
592 5016 700 5092 urst
1302 4993 1363 5087 Pe
