4900 5809
595 327 600 342 ¹
629 326 700 406 nn
724 327 875 407 rrnrt
897 326 1321 418 Jusrrrrcnurrs
1346 301 1850 404 rnornrnrrnrnus.
1929 325 1932 330 ·
2052 295 2156 438 Μ’
2184 367 2187 372 -

319 503 479 676 pendere!
495 511 594 624 etiam
615 512 660 626 'ab
681 512 827 605 operibus
850 511 898 588 ΕΤ
910 499 1102 625 discilium,
1128 534 1213 608 quae
1254 534 1298 679 po
1324 509 1433 598 rbilern
1449 504 1549 598 facit,
1574 534 1674 580 nemo
1688 513 1775 582 enirn
1797 531 1903 582 certus
1918 501 1984 580 esse
2001 510 2131 608 potest,

332 606 664 806 dissidiis}
685 609 1065 803 inssisti?
1085 621 1214 779 :itti
1254 629 1431 802 ,iliis
1444 607 2145 800 sitistisdissidiis„

330 806 541 901 irnpoffibilem
561 800 618 902 effe
643 733 897 903 'ujst'sieotionenn
944 807 995 878 Re
1010 832 1043 904 p.
1076 805 1129 898 r.)
1157 805 1211 881 Eli
1252 799 1389 877 scicntire
1413 803 1596 876 testimonio
1614 808 1840 883 convincitur,
1864 797 1897 873 se
1922 825 1993 873 non
2012 800 2131 877 habere

331 909 368 976 in
394 922 584 1018 argumento
624 900 1211 1001 riiaciacnnsequent123nonenim
1254 928 1380 976 tanturn
1406 906 1567 975 bonorum
1590 927 1756 1000 operum,
1778 917 1934 1000 quantum
1959 905 2131 998 requiritur

321 1005 409 1100 quia
424 999 504 1074 tides
519 998 693 1104 justificans
705 1001 841 1076 nonest
859 1002 927 1076 srne
941 1001 1115 1100 operibus,
1133 999 1212 1074 inde
1253 1001 1295 1076 ad
1319 995 1498 1100 perfodiam
1517 1000 1595 1100 segis
1618 999 1844 1102 impletionem
1866 1002 1902 1070 ἀ
1933 996 2132 1086 justificatio·

331 1095 530 1198 consequens
553 1096 631 1182 esi,
658 1099 759 1201 ipsam
788 1099 1045 1194 justificationem
1070 1100 1211 1198 pendere
1252 1121 1331 1172 nem
1353 1097 1614 1197 promerendam.
1663 1097 1722 1190 4.)
1746 1094 1916 1174 Certitudo
1930 1093 2131 1188 iustificatio-

331 1199 375 1270 ab
402 1195 572 1296 operibus,
597 1215 633 1270 ut
655 1198 853 1282 ostendimus
878 1193 1021 1296 superius
1041 1227 1059 1288 ς.
1087 1190 1213 1271 diversa
1252 1201 1301 1270 nis
1314 1199 1447 1296 proprie
1464 1195 1649 1270 inmediate
1665 1203 1700 1272 dt
1716 1195 1825 1298 quoad
1845 1219 1905 1267 nos
1923 1219 1991 1266 non
2012 1191 2131 1290 depen-

331 1299 421 1370 enirn
441 1291 513 1367 sunt
527 1296 596 1368 baec
612 1299 798 1374 enunciata:
812 1297 901 1394 fides
915 1297 1035 1398 estfim
1050 1298 1211 1392 operibus,
1251 1293 1309 1368 det
1321 1298 1508 1373 ecaritate,
1524 1291 1579 1366 sed
1593 1320 1631 1367 ex
1641 1295 1710 1368 side
1721 1302 1755 1371 ᾱ
1768 1301 1897 1368 interno
1913 1295 2047 1392 Spiritus
2061 1289 2131 1366 san·

330 1393 464 1490 &fides
476 1391 638 1495 jatstffient
646 1397 893 1495 fineoperibrts.
946 1393 1007 1484 ι’.)
1033 1395 1104 1470 Nec
1126 1387 1212 1468 dile-
1253 1393 1297 1464 tit
1318 1391 1516 1468 testimonio.
1532 1393 1634 1466 Ront.
1649 1395 1737 1467 vlu.
1759 1403 1812 1468 16.
1839 1391 1911 1488 Ipse
1926 1393 2069 1487 Spiritus
2084 1404 2130 1464 te·

330 1495 400 1567 siin
425 1517 579 1591 tanquam
601 1489 721 1566 'forma
780 1493 902 1568 uaedam
932 1489 1034 1570 sidem
1061 1489 1212 1591 perficit,
1241 1490 1434 1590 stimonium
1457 1496 1563 1564 reddit
1577 1491 1721 1588 spiritui
1755 1491 1892 1590 ntrjlro,
1944 1495 2008 1562 uod
2031 1489 2130 1588 fimes

329 1611 388 1662 aut
402 1614 596 1664 uerarnearn
609 1590 729 1671 efficit,
756 1522 814 1665 scd
833 1618 874 1664 ex
889 1589 959 1664 lide
974 1609 1127 1688 tanquam
1144 1587 1213 1661 stu·
1239 1589 1310 1685 filii
1326 1593 1402 1664 Dei.
1422 1614 1433 1654 ι
1450 1592 1523 1678 Joh.
1533 1591 1573 1662 V.
1594 1613 1648 1663 ιο.
1675 1591 1743 1686 Qui
1754 1591 1854 1662 eredit
1866 1592 1902 1660 ie
1948 1589 2038 1660 ilium
2051 1589 2129 1675 Dei,

331 1689 403 1764 tius
418 1691 540 1767 oritur,
566 1697 601 1764 δι
622 1685 726 1764 sidem
744 1714 856 1762 verarn
874 1687 934 1764 esse
953 1690 1108 1772 ostendit,
1133 1715 1212 1762 curn
1238 1689 1344 1790 xstrtlret
1360 1687 1572 1786 testimonium
1584 1687 1652 1760 Dei
1663 1681 1699 1760 in
1700 1687 1741 1786 se
1753 1690 1828 1786 ipso
1855 1687 1985 1764 Caritas
1999 1687 2129 1758 testatur
2245 1681 2252 1693 '

314 1787 402 1858 .haeo
419 1787 550 1860 sitrerae
567 1783 816 1881 &justificantis
836 1780 916 1861 fidei
939 1811 1076 1866 natura,
1100 1813 1138 1866 ut
1155 1783 1212 1858 ad·
1252 1785 1376 1860 deside
1391 1835 1407 1868 ,
1431 1789 1520 1878 cujus
1542 1777 1755 1858 necess'ariurn
1780 1781 1977 1883 consequens
1999 1783 2071 1863 eli,
2094 1789 2130 1858 dt
2272 1841 2277 1848 .

323 1877 488 1982 'prehenst
507 1885 687 1958 inCltrilio
704 1883 818 1978 justitia
834 1883 889 1980 per
908 1869 1212 1980 dilectionem-sese
1252 1884 1341 1965 aliis,
1366 1886 1408 1956 od
1445 1907 1504 1958 nos
1517 1879 1550 1957 se
1562 1879 1596 1956 se
1609 1875 1760 1982 profert,
1785 1882 2046 1978 justificationem
2062 1905 2129 1955 no·

331 1978 465 2054 exserat.
518 1983 578 2073 3.)
605 1982 700 2056 Aliud
722 2007 801 2081 ergo
817 1983 861 2068 eli
878 2010 920 2056 ex
943 1987 1106 2080 bonorum
1133 2008 1212 2083 ope·
1249 1979 1351 2076 ssram
1364 2006 1422 2082 per
1437 1982 1544 2056 undet.
1571 1985 1701 2082 Qiaeex
1714 1983 1854 2080 patribus

331 2102 410 2150 runt
438 2079 621 2156 testimonio
647 2081 688 2154 de
711 2075 779 2152 stde
809 2082 980 2175 judicare,
998 2149 1000 2156 .
1020 2081 1106 2154 aliud
1130 2106 1210 2154 uero
1240 2080 1382 2178 septimo
1410 2078 1486 2151 loco
1509 2080 1717 2152 Bellartninus
1745 2080 1849 2152 addu·
1917 2104 2109 2183 7‚)1².mn‚
2198 2151 2201 2158 .

331 2173 437 2274 ipsam
454 2172 717 2274 justificationem
745 2179 896 2276 operibus
931 2180 1073 2264 tribuere
1081 2208 1091 2269 ;
1121 2185 1211 2280 prius
1251 2185 1315 2261 cit»,
1339 2177 1515 2279 loquuntur
1531 2175 1583 2254 vel
1608 2178 1650 2251 de
1671 2175 1739 2251 fide
1755 2177 1853 2250 hisio-
1974 2183 2055 2247 ditia,
2083 2239 2087 2250 .
2196 2173 2201 2190 ’

330 2273 588 2373 haudquaquam
608 2281 764 2350 incertam
789 2277 839 2350 vel
852 2277 1084 2376 impossibilem
1105 2277 1211 2350 reddit
1250 2281 1319 2348 rica
1340 2333 1350 2362 ‚
1375 2275 1439 2346 'vel
1471 2276 1515 2348 de
1545 2300 1677 2348 externa
1715 2273 1857 2372 ejusdem

327 2368 620 2469 justificationem,
647 2401 722 2447 cum
739 2400 808 2445 non
826 2372 1011 2471 respiciatur
1036 2373 1086 2447 vel
1111 2400 1211 2476 quen·
1252 2371 1472 2472 professione,
1499 2375 1578 2472 quid
1592 2398 1702 2447 autem
1723 2377 1767 2448 de
1790 2399 1895 2451 vera,
1921 2370 2131 2466 justificante,-

321 2475 405 2550 .titas
429 2473 480 2544 vel
504 2474 844 2566 rneritunrbonorurn
867 2499 1031 2570 operunr3
1078 2475 1211 2546 osterius
1254 2479 1289 2543 dt
1304 2468 1441 2546 saluifica
1466 2473 1533 2548 fide
1549 2472 1707 2555 statuent,
1733 2469 2004 2574 exsuperioribus
2027 2476 2132 2558 nrani-

328 2588 441 2641 aurem
458 2567 664 2644 conscientiis
679 2573 795 2642 territis
808 2598 944 2642 ornnem
959 2500 1216 2662 consosutiunern
1242 2566 1387 2656 ¹sellum.

328 2671 448 2766 eripit,
474 2679 508 2744 dc
530 2669 790 2765 justificationem
812 2673 964 2745 incensm
989 2670 1136 2770 adeoque
1154 2674 1216 2754 inr-
1270 2703 1274 2710 ·

1084 2825 1271 2902 CAPUT
1300 2827 1368 2898 IV.

565 2961 909 3104 nnc'nvsn
944 2957 1249 3072 Fonnnnt
1280 2907 1896 3098 Jusrrrpcnrronrs

334 3185 565 3267 wspftmpp
655 3144 863 3266 §.CXCV
889 3115 1040 3248 Expofita
1054 3166 1166 3250 nutura
1181 3156 1215 3225 ᾱ
1254 3169 1373 3239 tates,
1400 3170 1461 3229 aut
1482 3161 1618 3228 uirtutes
1636 3153 1789 3251 nqdras,
1813 3180 1912 3253 neque
1939 3145 2041 3348 ippum
2062 3156 2142 3232 Dei‘

318 3265 542 3346 =jrstficaeionin
613 3244 867 3346 proprietatibus
895 3275 979 3321 verre
1001 3247 1104 3326 fidei,
1143 3263 1221 3346 quae'
1256 3253 1437 3354 efferatiom,
1454 3256 1517 3352 sed
1532 3269 1638 3327 totum
1653 3279 1756 3348 opus,
1773 3259 1860 3348 quod
1876 3253 1955 3328 Clrri
1981 3279 2021 3326 ur
2035 3256 2131 3354 Dens

603 3344 651 3415 esi
671 3340 765 3417 causa
786 3345 1036 3516 issmmnttalir
1060 3343 1210 3438 justifice-
1255 3353 1302 3429 δ’
1321 3353 1411 3427 sorno
1432 3358 1466 3426 in
1488 3379 1553 3425 una
1564 3355 1704 3450 perflrno
1718 3353 2066 3450 mediaturnnsterpro
2082 3367 2131 3426 to·
2219 3403 2222 3408 -

332 3445 452 3522 tionis,
476 3441 590 3528 restat,
611 3459 648 3514 ut
671 3432 713 3514 nd
737 3469 796 3516 ceu
811 3467 864 3517 am
883 3441 1025 3542 ejusdem
1031 3447 1210 3550 formalem
1252 3463 1287 3523 tn
1305 3477 1423 3551 geum
1446 3454 1587 3525 lemano
1603 3447 1778 3548 praestitit.
1830 3454 1988 3544 Caluinus
2007 3451 2131 3551 statuit

309 3537 575 3640 rdescendamus.
620 3540 829 3614 bellarminus
856 3541 928 3615 libr.
961 3545 1000 3614 11.
1040 3546 1082 3618 de
1113 3542 1211 3636 justif.
1252 3555 1412 3646 imputari
1427 3555 1551 3648 quidem
1562 3555 1652 3622 nubis
1667 3548 1785 3646 Christi
1788 3549 1972 3652 justitium,
1989 3551 2037 3626 df
2047 3575 2132 3646 pro·

321 3663 406 3742 ¹cap.
432 3663 460 3710 r.
479 3634 718 3755 objicitnostris
737 3643 983 3713 inconstantiam
997 3645 1031 3714 in
1052 3641 1215 3740 expiican·
1247 3661 1327 3744 pter
1341 3675 1411 3720 eam
1435 3655 1608 3720 condonari
1622 3663 1778 3744 peccata,
1797 3650 1859 3744 sed
1881 3653 2041 3722 tamenin
2061 3648 2131 3746 ipsit

321 3733 378 3822 ¹dn
400 3731 511 3808 forma
542 3735 783 3828 justificationis.
826 3739 1010 3814 dutinus
1038 3741 1213 3839 aliquando
1247 3750 1372 3841 precati
1397 3749 1566 3840 remifflortt
1588 3751 1723 3844 proprie
1747 3749 1850 3847 fitam
1879 3746 1936 3844 effe
1951 3747 2130 3848 justitiam.

321 3833 453 3936 ¹fidens,
480 3835 652 3931 aliquunde
666 3835 827 3932 Cirsstrne
841 3838 947 3932 ipsum
959 3837 1025 3930 fide
1040 3839 1214 3933 adpret'err·
1253 3847 1402 3917 Bucerets
1428 3847 1583 3940 duplicem
1609 3849 1783 3916 introducit
1806 3844 1998 3945 justitiam,
2031 3871 2131 3917 unum
2271 3893 2277 3902 ·

323 3933 407 4029 sum
423 3932 551 4027 nrufiem
557 3934 730 4042 formalem!
732 3934 973 4034 justificationis
979 3935 1112 4032 statuit.
1134 3935 1214 4009 Piri·
1254 3943 1491 4039 imperfesiam,
1515 3967 1599 4040 petae
1613 3944 1683 4043 fita
1698 3944 1745 4042 ſst
1774 3945 1811 4013 in
1837 3947 2011 4016 uirtutibus
2042 3949 2131 4016 erulis

333 4035 444 4126 lippus
454 4031 559 4124 fidem
589 4035 677 4104 nolis
698 4057 763 4125 pro
778 4034 907 4133 justitia
932 4038 1086 4127 imputari
1117 4038 1214 4121 dicit,
1253 4041 1514 4122 insuerentiduu
1527 4041 1871 4138 altnnmperfeslnm,
1893 4045 2023 4142 quaesti
2037 4044 2131 4114 Citri-

334 4134 429 4201 nddit
442 4142 558 4236 'tamen
582 4155 646 4201 non
661 4144 800 4224 propter
823 4132 925 4228 ipsam
936 4133 1018 4226 fidei
1038 4139 1214 4212 uirtutem,
1243 4139 1431 4242 stijustitin
1444 4144 1532 4213 nobis
1546 4144 1720 4234 imputata.
1750 4142 1893 4212 'Butero
1907 4143 2131 4237 persentiretur

329 4227 388 4322 fed
409 4239 548 4324 propter
580 4228 698 4324 Ctnsti
724 4233 875 4301 meritum
901 4257 958 4302 nos
975 4231 1083 4331 justos
1105 4256 1213 4303 eoram
1255 4241 1398 4338 Piggius
1421 4239 1469 4314 st'
1481 4239 1628 4312 aussores
1648 4241 1920 4338 antididnguratir
1933 4241 2131 4340 Colurtiertfit.

335 4327 414 4402 Deo
438 4328 614 4426 reputari,
640 4330 702 4398 diti
725 4342 835 4401 autern
858 4355 916 4402 nos
928 4328 1001 4421 fide
1016 4329 1212 4430 justificari,
1255 4339 1367 4409 mni,
1403 4340 1520 4433 uinque
1541 4332 1755 4436 discrepantes
1769 4333 1940 4435 opiniones
1954 4348 1988 4412 dt
2004 4363 2132 4416 errores

333 4423 510 4522 qeiaflder
525 4424 733 4519 adprehendit
746 4427 813 4498 Dei
825 4425 1078 4523 misericordiam.
1099 4431 1132 4502 O
1157 4451 1215 4500 an·
1256 4433 1299 4507 de
1314 4362 1534 4526 juliidcetinne
1549 4435 1754 4508 bellarminus
1770 4435 1909 4532 colligit:
1941 4437 1998 4525 t.)
2011 4431 2133 4508 fornia·
2229 4463 2232 4472 ·

332 4525 526 4594 &uerat
544 4525 662 4621 uiginti
681 4524 892 4622 discrepantes
909 4525 1089 4619 sententias
1135 4553 1151 4598 e
1172 4528 1216 4594 ἠ·
1257 4530 1322 4605 iem
1343 4528 1471 4605 causam
1488 4531 1719 4626 justificationis
1744 4529 1804 4605 else
1826 4532 1951 4605 sidem:
1976 4533 2042 4624 ἶ.)
2062 4530 2133 4606 for·

324 4617 545 4720 st'yltntione,
569 4621 635 4717 ipse
658 4636 767 4693 aurem
783 4629 870 4696 ducet
885 4625 1064 4721 formalem
1087 4649 1146 4697 tau
1162 4648 1217 4695 ant
1257 4624 1517 4703 maletnceusam
1530 4629 1832 4724 justificationisesse
1842 4632 1963 4734 elisisti
1979 4631 2136 4705 obedien·

323 4717 571 4824 jedificationis
601 4715 659 4815 effe
688 4723 775 4792 illam
801 4722 904 4818 ipsam
936 4722 1112 4820 'ustitiam
1150 4746 1217 4819 qen
1257 4730 1336 4800 tiam
1355 4731 1390 4802 dt
1404 4729 1555 4823 justitiam
1572 4728 1666 4801 nobis
1684 4732 1895 4826 imputatam:
1937 4732 1993 4822 3.)
2008 4728 2135 4802 fortna-

300 4821 434 4918 Dees
463 4813 664 4914 effentialiter
678 4819 789 4916 justus
810 4820 861 4918 est
911 4747 1060 4919 illyricus
1102 4825 1216 4906 cribit,
1254 4823 1321 4898 lem
1336 4823 1464 4898 causam
1476 4826 1707 4923 justificationis
1722 4821 1786 4900 eise
1796 4827 1946 4919 justitiam
1954 4833 2018 4903 Dei
2035 4823 2135 4898 cisen-

327 4915 519 5023 Jee'stitinm,
543 4941 642 5012 quam
658 4920 753 4991 Deris
766 4923 932 5020 imputet,
956 4945 1019 4992 non
1042 4947 1058 4990 e
1082 4919 1220 5019 equali·
1260 4923 1370 4996 tiaiem
1399 4947 1460 4996 nos
1489 4923 1739 5008 inhabitantem:
1771 4925 1836 5015 4.)
1864 4923 2038 5028 formalem
2061 4948 2136 4996 cau·

339 5071 341 5076 -
459 5025 678 5105 nnVrr.
1264 5101 1267 5106 ,
1306 5019 1373 5095 sk
2067 5019 2137 5097 sam
