<?xml version="1.0" encoding="UTF-8"?>
<!DOCTYPE html PUBLIC "-//W3C//DTD XHTML 1.0 Transitional//EN"
    "http://www.w3.org/TR/xhtml1/DTD/xhtml1-transitional.dtd">
<html xmlns="http://www.w3.org/1999/xhtml" xml:lang="en" lang="en">
 <head>
  <title>
</title>
<meta http-equiv="Content-Type" content="text/html;charset=utf-8" />
  <meta name='ocr-system' content='tesseract 3.04.00' />
  <meta name='ocr-capabilities' content='ocr_page ocr_carea ocr_par ocr_line ocrx_word'/>
</head>
<body>
  <div class='ocr_page' id='page_1' title='image "./locitheologicic00cottgoog/locitheologicic00cottgoog_0137.png"; bbox 0 0 4900 5809; ppageno 0'>
   <div class='ocr_carea' id='block_1_1' title="bbox 338 329 2247 448">
    <p class='ocr_par' dir='ltr' id='par_1_1' title="bbox 338 307 2247 448">
     <span class='ocr_line' id='line_1_1' title="bbox 338 329 2247 448; baseline 0.021 -40"><span class='ocrx_word' id='word_1_1' title='bbox 338 347 340 354; x_wconf 94' lang='lat'>·</span> <span class='ocrx_word' id='word_1_2' title='bbox 612 329 1880 441; x_wconf 68' lang='lat' dir='ltr'><em>orfrontusntrtcnn‘tutJosounmn&#39;tmuu</em></span> <span class='ocrx_word' id='word_1_3' title='bbox 2089 361 2247 448; x_wconf 53' lang='grc' dir='ltr'><em>ωμ</em></span> 
     </span>
    </p>
   </div>
   <div class='ocr_carea' id='block_1_2' title="bbox 340 516 2263 2188">
    <p class='ocr_par' dir='ltr' id='par_1_2' title="bbox 358 516 2173 719">
     <span class='ocr_line' id='line_1_2' title="bbox 358 516 2173 617; baseline 0.001 -23"><span class='ocrx_word' id='word_1_4' title='bbox 358 517 459 594; x_wconf 79' lang='lat' dir='ltr'><em>broffi</em></span> <span class='ocrx_word' id='word_1_5' title='bbox 490 521 679 609; x_wconf 68' lang='lat' dir='ltr'><em>catherini,</em></span> <span class='ocrx_word' id='word_1_6' title='bbox 705 516 938 616; x_wconf 76' lang='lat' dir='ltr'><em>archiepiscopi</em></span> <span class='ocrx_word' id='word_1_7' title='bbox 960 516 1190 605; x_wconf 83' lang='lat' dir='ltr'><em>Minorlenlis,</em></span> <span class='ocrx_word' id='word_1_8' title='bbox 1211 526 1244 593; x_wconf 79' lang='lat' dir='ltr'><em>bt</em></span> <span class='ocrx_word' id='word_1_9' title='bbox 1287 520 1588 612; x_wconf 82' lang='lat' dir='ltr'><em>tumfideicrrdere</em></span> <span class='ocrx_word' id='word_1_10' title='bbox 1608 522 1676 617; x_wconf 86' lang='lat' dir='ltr'><em>est)</em></span> <span class='ocrx_word' id='word_1_11' title='bbox 1691 521 1755 616; x_wconf 84' lang='lat' dir='ltr'><em>sed</em></span> <span class='ocrx_word' id='word_1_12' title='bbox 1765 522 1852 613; x_wconf 83' lang='lat' dir='ltr'><em>fides</em></span> <span class='ocrx_word' id='word_1_13' title='bbox 1877 527 1911 596; x_wconf 90' lang='lat' dir='ltr'><em>in</em></span> <span class='ocrx_word' id='word_1_14' title='bbox 1938 526 2050 597; x_wconf 85' lang='lat' dir='ltr'><em>Deum</em></span> <span class='ocrx_word' id='word_1_15' title='bbox 2069 524 2173 617; x_wconf 80' lang='lat' dir='ltr'><em>pleno</em></span> 
     </span>
     <span class='ocr_line' id='line_1_3' title="bbox 359 619 2171 719; baseline 0.002 -29"><span class='ocrx_word' id='word_1_16' title='bbox 359 623 667 699; x_wconf 80' lang='lat' dir='ltr'><em>DominiciuSoto‚</em></span> <span class='ocrx_word' id='word_1_17' title='bbox 693 621 854 719; x_wconf 83' lang='lat' dir='ltr'><em>quamhis</em></span> <span class='ocrx_word' id='word_1_18' title='bbox 877 620 1244 689; x_wconf 78' lang='lat' dir='ltr'><em>verbis&#39;Dominicusrx·</em></span> <span class='ocrx_word' id='word_1_19' title='bbox 1288 634 1385 713; x_wconf 85' lang='lat' dir='ltr'><em>atque</em></span> <span class='ocrx_word' id='word_1_20' title='bbox 1416 622 1544 718; x_wconf 87' lang='lat' dir='ltr'><em>integra</em></span> <span class='ocrx_word' id='word_1_21' title='bbox 1567 619 1607 715; x_wconf 83' lang='lat' dir='ltr'><em>cst</em></span> <span class='ocrx_word' id='word_1_22' title='bbox 1635 626 1684 691; x_wconf 86' lang='lat' dir='ltr'><em>ita</em></span> <span class='ocrx_word' id='word_1_23' title='bbox 1713 627 1858 700; x_wconf 83' lang='lat' dir='ltr'><em>credere,</em></span> <span class='ocrx_word' id='word_1_24' title='bbox 1895 636 1934 694; x_wconf 89' lang='lat' dir='ltr'><em>nt</em></span> <span class='ocrx_word' id='word_1_25' title='bbox 1959 620 2171 713; x_wconf 72' lang='lat' dir='ltr'><em>conliduntur.</em></span> 
     </span>
    </p>

    <p class='ocr_par' dir='ltr' id='par_1_3' title="bbox 340 707 2263 2188">
     <span class='ocr_line' id='line_1_4' title="bbox 359 707 2252 817; baseline 0.003 -31"><span class='ocrx_word' id='word_1_26' title='bbox 359 714 488 815; x_wconf 83' lang='lat' dir='ltr'>posuit:</span> <span class='ocrx_word' id='word_1_27' title='bbox 513 715 688 817; x_wconf 73' lang='lat' dir='ltr'><em>Diffenſso,</em></span> <span class='ocrx_word' id='word_1_28' title='bbox 724 744 820 814; x_wconf 82' lang='lat' dir='ltr'><strong><em>qnam</em></strong></span> <span class='ocrx_word' id='word_1_29' title='bbox 848 720 933 787; x_wconf 85' lang='lat' dir='ltr'><em>inter</em></span> <span class='ocrx_word' id='word_1_30' title='bbox 956 730 1049 787; x_wconf 90' lang='lat' dir='ltr'><em>tuam</em></span> <span class='ocrx_word' id='word_1_31' title='bbox 1079 740 1243 811; x_wconf 80' lang='lat' dir='ltr'><em>areamque</em></span> <span class='ocrx_word' id='word_1_32' title='bbox 1287 716 1501 790; x_wconf 79' lang='lat' dir='ltr'><em>Bellatminus</em></span> <span class='ocrx_word' id='word_1_33' title='bbox 1517 715 1590 789; x_wconf 87' lang='lat' dir='ltr'><em>libr.</em></span> <span class='ocrx_word' id='word_1_34' title='bbox 1610 721 1666 788; x_wconf 86' lang='lat'><em>111.</em></span> <span class='ocrx_word' id='word_1_35' title='bbox 1689 716 1730 788; x_wconf 87' lang='lat' dir='ltr'><em>de</em></span> <span class='ocrx_word' id='word_1_36' title='bbox 1752 715 1850 811; x_wconf 82' lang='lat' dir='ltr'><em>juliis.</em></span> <span class='ocrx_word' id='word_1_37' title='bbox 1873 746 1943 817; x_wconf 84' lang='lat' dir='ltr'><em>rep.</em></span> <span class='ocrx_word' id='word_1_38' title='bbox 1971 746 2004 793; x_wconf 66' lang='grc' dir='ltr'><em>ι.</em></span> <span class='ocrx_word' id='word_1_39' title='bbox 2051 722 2169 816; x_wconf 80' lang='lat' dir='ltr'><em>Aliqui</em></span> <span class='ocrx_word' id='word_1_40' title='bbox 2244 707 2252 716; x_wconf 47' lang='lat'>⁸</span> 
     </span>
     <span class='ocr_line' id='line_1_5' title="bbox 358 811 2169 914; baseline 0.002 -29"><span class='ocrx_word' id='word_1_41' title='bbox 358 827 496 885; x_wconf 79' lang='lat' dir='ltr'><em>mentem</em></span> <span class='ocrx_word' id='word_1_42' title='bbox 510 816 632 886; x_wconf 81' lang='lat' dir='ltr'><em>nullane</em></span> <span class='ocrx_word' id='word_1_43' title='bbox 655 829 749 887; x_wconf 82' lang='lat' dir='ltr'><em>extre</em></span> <span class='ocrx_word' id='word_1_44' title='bbox 767 818 863 886; x_wconf 86' lang='lat' dir='ltr'><em>uerba</em></span> <span class='ocrx_word' id='word_1_45' title='bbox 886 811 1138 910; x_wconf 78' lang='lat' dir='ltr'><em>effe-existimas,</em></span> <span class='ocrx_word' id='word_1_46' title='bbox 1165 817 1240 885; x_wconf 89' lang='lat' dir='ltr'><em>haec</em></span> <span class='ocrx_word' id='word_1_47' title='bbox 1285 815 1427 885; x_wconf 88' lang='lat' dir='ltr'><em>tatholici</em></span> <span class='ocrx_word' id='word_1_48' title='bbox 1445 819 1553 885; x_wconf 77' lang='lat' dir='ltr'><em>docent</em></span> <span class='ocrx_word' id='word_1_49' title='bbox 1567 820 1693 910; x_wconf 83' lang='lat' dir='ltr'><em>quidem</em></span> <span class='ocrx_word' id='word_1_50' title='bbox 1716 842 1785 887; x_wconf 89' lang='lat' dir='ltr'><em>cam</em></span> <span class='ocrx_word' id='word_1_51' title='bbox 1815 823 2057 895; x_wconf 85' lang='lat' dir='ltr'><em>certitudinem,</em></span> <span class='ocrx_word' id='word_1_52' title='bbox 2084 841 2169 914; x_wconf 81' lang='lat' dir='ltr'><em>quat</em></span> 
     </span>
     <span class='ocr_line' id='line_1_6' title="bbox 355 913 2169 1010; baseline 0.001 -27"><span class='ocrx_word' id='word_1_53' title='bbox 355 914 457 1009; x_wconf 84' lang='lat' dir='ltr'><em>estin</em></span> <span class='ocrx_word' id='word_1_54' title='bbox 473 938 510 983; x_wconf 90' lang='lat' dir='ltr'><em>rc</em></span> <span class='ocrx_word' id='word_1_55' title='bbox 534 917 686 985; x_wconf 86' lang='lat' dir='ltr'><em>maxima.</em></span> <span class='ocrx_word' id='word_1_56' title='bbox 737 916 846 986; x_wconf 89' lang='lat' dir='ltr'><em>Porro</em></span> <span class='ocrx_word' id='word_1_57' title='bbox 867 919 952 1008; x_wconf 84' lang='lat' dir='ltr'><em>quod</em></span> <span class='ocrx_word' id='word_1_58' title='bbox 972 926 1009 981; x_wconf 91' lang='lat' dir='ltr'><em>tu</em></span> <span class='ocrx_word' id='word_1_59' title='bbox 1034 915 1238 999; x_wconf 89' lang='lat' dir='ltr'><em>arbitraris,</em></span> <span class='ocrx_word' id='word_1_60' title='bbox 1284 915 1407 983; x_wconf 82' lang='lat' dir='ltr'><em>nullane</em></span> <span class='ocrx_word' id='word_1_61' title='bbox 1425 913 1540 984; x_wconf 85' lang='lat' dir='ltr'><em>habeat</em></span> <span class='ocrx_word' id='word_1_62' title='bbox 1554 914 1668 1008; x_wconf 80' lang='lat' dir='ltr'><em>desua</em></span> <span class='ocrx_word' id='word_1_63' title='bbox 1677 917 1788 1009; x_wconf 85' lang='lat' dir='ltr'><em>salute</em></span> <span class='ocrx_word' id='word_1_64' title='bbox 1798 918 2020 1010; x_wconf 80' lang='lat' dir='ltr'><em>formidinem.</em></span> <span class='ocrx_word' id='word_1_65' title='bbox 2072 917 2169 985; x_wconf 80' lang='lat' dir='ltr'><em>Pere-</em></span> 
     </span>
     <span class='ocr_line' id='line_1_7' title="bbox 351 1010 2165 1108; baseline 0 -26"><span class='ocrx_word' id='word_1_66' title='bbox 351 1010 530 1108; x_wconf 79' lang='lat' dir='ltr'><em>poffcfieri</em></span> <span class='ocrx_word' id='word_1_67' title='bbox 547 1014 702 1083; x_wconf 86' lang='lat' dir='ltr'><em>hominem</em></span> <span class='ocrx_word' id='word_1_68' title='bbox 721 1011 935 1106; x_wconf 87' lang='lat' dir='ltr'><em>eertumsuae</em></span> <span class='ocrx_word' id='word_1_69' title='bbox 951 1014 1082 1108; x_wconf 83' lang='lat' dir='ltr'><em>gratiae</em></span> <span class='ocrx_word' id='word_1_70' title='bbox 1107 1015 1236 1080; x_wconf 88' lang='lat' dir='ltr'><em>certitu·</em></span> <span class='ocrx_word' id='word_1_71' title='bbox 1282 1015 1347 1081; x_wconf 87' lang='lat' dir='ltr'><em>tius</em></span> <span class='ocrx_word' id='word_1_72' title='bbox 1362 1032 1540 1081; x_wconf 83' lang='lat' dir='ltr'><em>comment.</em></span> <span class='ocrx_word' id='word_1_73' title='bbox 1565 1016 1598 1081; x_wconf 90' lang='lat' dir='ltr'><em>in</em></span> <span class='ocrx_word' id='word_1_74' title='bbox 1623 1018 1724 1084; x_wconf 87' lang='lat' dir='ltr'><em>Rom.</em></span> <span class='ocrx_word' id='word_1_75' title='bbox 1756 1018 1841 1084; x_wconf 91' lang='lat' dir='ltr'><em>Vlll.</em></span> <span class='ocrx_word' id='word_1_76' title='bbox 1869 1038 1962 1091; x_wconf 88' lang='lat' dir='ltr'><em>num.</em></span> <span class='ocrx_word' id='word_1_77' title='bbox 1996 1037 2051 1097; x_wconf 80' lang='lat'><em>27.</em></span> <span class='ocrx_word' id='word_1_78' title='bbox 2079 1015 2165 1107; x_wconf 78' lang='lat' dir='ltr'><em>Qni-</em></span> 
     </span>
     <span class='ocr_line' id='line_1_8' title="bbox 354 1107 2163 1210; baseline 0.002 -31"><span class='ocrx_word' id='word_1_79' title='bbox 354 1115 456 1189; x_wconf 89' lang='lat' dir='ltr'><em>a&#39;t&#39;ne,</em></span> <span class='ocrx_word' id='word_1_80' title='bbox 482 1136 565 1206; x_wconf 76' lang='lat' dir='ltr'><em>quiae</em></span> <span class='ocrx_word' id='word_1_81' title='bbox 581 1114 649 1182; x_wconf 85' lang='lat' dir='ltr'><em>lieet</em></span> <span class='ocrx_word' id='word_1_82' title='bbox 664 1113 780 1210; x_wconf 81' lang='lat' dir='ltr'><em>nonſst</em></span> <span class='ocrx_word' id='word_1_83' title='bbox 798 1111 939 1205; x_wconf 84' lang='lat' dir='ltr'><em>aequalis</em></span> <span class='ocrx_word' id='word_1_84' title='bbox 947 1107 1030 1202; x_wconf 85' lang='lat' dir='ltr'><em>fidei</em></span> <span class='ocrx_word' id='word_1_85' title='bbox 1046 1109 1236 1187; x_wconf 77' lang='lat' dir='ltr'><em>catholicae,</em></span> <span class='ocrx_word' id='word_1_86' title='bbox 1279 1114 1355 1178; x_wconf 83' lang='lat' dir='ltr'><em>donc</em></span> <span class='ocrx_word' id='word_1_87' title='bbox 1373 1110 1513 1179; x_wconf 75' lang='lat' dir='ltr'><em>catholici</em></span> <span class='ocrx_word' id='word_1_88' title='bbox 1540 1113 1759 1181; x_wconf 77' lang='lat' dir='ltr'><em>certitudinem</em></span> <span class='ocrx_word' id='word_1_89' title='bbox 1780 1137 1849 1181; x_wconf 90' lang='lat' dir='ltr'><em>eam</em></span> <span class='ocrx_word' id='word_1_90' title='bbox 1871 1117 1999 1196; x_wconf 85' lang='lat' dir='ltr'><em>docent,</em></span> <span class='ocrx_word' id='word_1_91' title='bbox 2023 1115 2075 1181; x_wconf 84' lang='lat' dir='ltr'><em>cui</em></span> <span class='ocrx_word' id='word_1_92' title='bbox 2094 1135 2163 1182; x_wconf 83' lang='lat' dir='ltr'><em>non</em></span> 
     </span>
     <span class='ocr_line' id='line_1_9' title="bbox 344 1206 2160 1308; baseline 0.002 -30"><span class='ocrx_word' id='word_1_93' title='bbox 344 1210 392 1308; x_wconf 79' lang='lat' dir='ltr'><em>fit</em></span> <span class='ocrx_word' id='word_1_94' title='bbox 416 1223 525 1280; x_wconf 88' lang='lat' dir='ltr'><em>tamen</em></span> <span class='ocrx_word' id='word_1_95' title='bbox 557 1232 634 1279; x_wconf 88' lang='lat' dir='ltr'><em>uera</em></span> <span class='ocrx_word' id='word_1_96' title='bbox 656 1207 761 1299; x_wconf 88' lang='lat' dir='ltr'><em>fides,</em></span> <span class='ocrx_word' id='word_1_97' title='bbox 796 1214 830 1278; x_wconf 88' lang='lat' dir='ltr'><em>id</em></span> <span class='ocrx_word' id='word_1_98' title='bbox 857 1208 920 1303; x_wconf 88' lang='lat' dir='ltr'><em>est,</em></span> <span class='ocrx_word' id='word_1_99' title='bbox 947 1230 1083 1277; x_wconf 88' lang='lat' dir='ltr'><em>omnem·</em></span> <span class='ocrx_word' id='word_1_100' title='bbox 1092 1209 1232 1300; x_wconf 86' lang='lat' dir='ltr'><em>prorsus</em></span> <span class='ocrx_word' id='word_1_101' title='bbox 1273 1207 1366 1299; x_wconf 78' lang='lat' dir='ltr'><em>pteffit</em></span> <span class='ocrx_word' id='word_1_102' title='bbox 1380 1206 1643 1304; x_wconf 76' lang='lat' dir='ltr'><em>snbtffcsalsunt.</em></span> <span class='ocrx_word' id='word_1_103' title='bbox 1693 1216 1780 1305; x_wconf 80' lang='lat' dir='ltr'><em>Vega</em></span> <span class='ocrx_word' id='word_1_104' title='bbox 1804 1209 1881 1283; x_wconf 86' lang='lat' dir='ltr'><strong>libr.</strong></span> <span class='ocrx_word' id='word_1_105' title='bbox 1906 1213 1964 1285; x_wconf 92' lang='lat' dir='ltr'><em>lll.</em></span> <span class='ocrx_word' id='word_1_106' title='bbox 1983 1206 2024 1280; x_wconf 87' lang='lat' dir='ltr'><em>de</em></span> <span class='ocrx_word' id='word_1_107' title='bbox 2045 1213 2160 1282; x_wconf 77' lang='lat' dir='ltr'><em>incorr.</em></span> 
     </span>
     <span class='ocr_line' id='line_1_10' title="bbox 353 1308 2159 1402; baseline 0.001 -27"><span class='ocrx_word' id='word_1_108' title='bbox 353 1310 583 1376; x_wconf 77' lang='lat' dir='ltr'><em>dubitationem</em></span> <span class='ocrx_word' id='word_1_109' title='bbox 604 1309 794 1385; x_wconf 86' lang='lat' dir='ltr'><em>excludens,</em></span> <span class='ocrx_word' id='word_1_110' title='bbox 836 1321 933 1402; x_wconf 87' lang='lat' dir='ltr'><em>atque</em></span> <span class='ocrx_word' id='word_1_111' title='bbox 964 1310 998 1376; x_wconf 86' lang='lat' dir='ltr'><em>id</em></span> <span class='ocrx_word' id='word_1_112' title='bbox 1020 1308 1146 1400; x_wconf 85' lang='lat' dir='ltr'><em>quidem</em></span> <span class='ocrx_word' id='word_1_113' title='bbox 1165 1309 1232 1401; x_wconf 84' lang='lat' dir='ltr'><em>lege</em></span> <span class='ocrx_word' id='word_1_114' title='bbox 1278 1308 1388 1399; x_wconf 81' lang='lat' dir='ltr'><em>gratiae</em></span> <span class='ocrx_word' id='word_1_115' title='bbox 1412 1330 1481 1401; x_wconf 86' lang='lat' dir='ltr'><em>cap.</em></span> <span class='ocrx_word' id='word_1_116' title='bbox 1510 1315 1565 1378; x_wconf 80' lang='lat'><em>36.</em></span> <span class='ocrx_word' id='word_1_117' title='bbox 1618 1309 1760 1400; x_wconf 75' lang='lat' dir='ltr'><em>chidanr</em></span> <span class='ocrx_word' id='word_1_118' title='bbox 1789 1310 1958 1378; x_wconf 86' lang='lat' dir='ltr'><em>catholicus</em></span> <span class='ocrx_word' id='word_1_119' title='bbox 1980 1321 2073 1378; x_wconf 86' lang='lat' dir='ltr'><em>tanto</em></span> <span class='ocrx_word' id='word_1_120' title='bbox 2100 1312 2159 1377; x_wconf 76' lang='lat' dir='ltr'><em>ad-</em></span> 
     </span>
     <span class='ocr_line' id='line_1_11' title="bbox 351 1401 2159 1503; baseline 0.002 -28"><span class='ocrx_word' id='word_1_121' title='bbox 351 1409 533 1488; x_wconf 84' lang='lat' dir='ltr'><em>communi,</em></span> <span class='ocrx_word' id='word_1_122' title='bbox 556 1429 669 1499; x_wconf 88' lang='lat' dir='ltr'><em>nempe</em></span> <span class='ocrx_word' id='word_1_123' title='bbox 694 1406 868 1502; x_wconf 84' lang='lat' dir='ltr'><em>testimonio</em></span> <span class='ocrx_word' id='word_1_124' title='bbox 891 1407 960 1487; x_wconf 86' lang='lat' dir='ltr'><em>illo,</em></span> <span class='ocrx_word' id='word_1_125' title='bbox 995 1409 1078 1498; x_wconf 83' lang='lat' dir='ltr'><em>qnod</em></span> <span class='ocrx_word' id='word_1_126' title='bbox 1100 1403 1230 1474; x_wconf 72' lang='lat' dir='ltr'><em>aneton</em></span> <span class='ocrx_word' id='word_1_127' title='bbox 1265 1403 1361 1495; x_wconf 78' lang='lat' dir='ltr'><em>sellu</em></span> <span class='ocrx_word' id='word_1_128' title='bbox 1371 1401 1474 1494; x_wconf 82' lang='lat' dir='ltr'><em>fidens</em></span> <span class='ocrx_word' id='word_1_129' title='bbox 1497 1403 1742 1503; x_wconf 65' lang='lat' dir='ltr'><em>conjetinralsm</em></span> <span class='ocrx_word' id='word_1_130' title='bbox 1774 1409 2006 1503; x_wconf 84' lang='lat' dir='ltr'><em>oppugnabat,</em></span> <span class='ocrx_word' id='word_1_131' title='bbox 2031 1420 2068 1477; x_wconf 86' lang='lat' dir='ltr'><em>ut</em></span> <span class='ocrx_word' id='word_1_132' title='bbox 2085 1429 2159 1478; x_wconf 83' lang='lat' dir='ltr'><em>cam</em></span> 
     </span>
     <span class='ocr_line' id='line_1_12' title="bbox 348 1490 2158 1598; baseline -0.001 -23"><span class='ocrx_word' id='word_1_133' title='bbox 348 1490 460 1575; x_wconf 69' lang='lat' dir='ltr'><em>Paulo</em></span> <span class='ocrx_word' id='word_1_134' title='bbox 482 1505 624 1596; x_wconf 75' lang='lat' dir='ltr'><em>Spiritus</em></span> <span class='ocrx_word' id='word_1_135' title='bbox 641 1504 779 1597; x_wconf 73' lang='lat' dir='ltr'><em>stultius</em></span> <span class='ocrx_word' id='word_1_136' title='bbox 803 1506 909 1573; x_wconf 86' lang='lat' dir='ltr'><em>reddit</em></span> <span class='ocrx_word' id='word_1_137' title='bbox 925 1501 1063 1596; x_wconf 84' lang='lat' dir='ltr'><em>spiritui</em></span> <span class='ocrx_word' id='word_1_138' title='bbox 1095 1502 1228 1597; x_wconf 81' lang='lat' dir='ltr'><em>nostro,</em></span> <span class='ocrx_word' id='word_1_139' title='bbox 1274 1501 1467 1571; x_wconf 86' lang='lat' dir='ltr'><em>Lntherana</em></span> <span class='ocrx_word' id='word_1_140' title='bbox 1486 1506 1631 1595; x_wconf 88' lang='lat' dir='ltr'><em>opinione</em></span> <span class='ocrx_word' id='word_1_141' title='bbox 1651 1502 1906 1598; x_wconf 82' lang='lat' dir='ltr'><em>detestabiliorem</em></span> <span class='ocrx_word' id='word_1_142' title='bbox 1922 1508 2057 1583; x_wconf 86' lang='lat' dir='ltr'><em>diceret,</em></span> <span class='ocrx_word' id='word_1_143' title='bbox 2077 1507 2158 1598; x_wconf 85' lang='lat' dir='ltr'><em>quia</em></span> 
     </span>
     <span class='ocr_line' id='line_1_13' title="bbox 351 1592 2226 1698; baseline 0.001 -28"><span class='ocrx_word' id='word_1_144' title='bbox 351 1601 634 1698; x_wconf 78' lang='lat' dir='ltr'><em>qnodsnmusfilll</em></span> <span class='ocrx_word' id='word_1_145' title='bbox 651 1603 737 1673; x_wconf 88' lang='lat' dir='ltr'><em>Dei:</em></span> <span class='ocrx_word' id='word_1_146' title='bbox 763 1601 818 1672; x_wconf 90' lang='lat' dir='ltr'><em>hoc</em></span> <span class='ocrx_word' id='word_1_147' title='bbox 842 1624 899 1697; x_wconf 85' lang='lat' dir='ltr'><em>ego</em></span> <span class='ocrx_word' id='word_1_148' title='bbox 922 1624 1018 1678; x_wconf 85' lang='lat' dir='ltr'><em>vcro,</em></span> <span class='ocrx_word' id='word_1_149' title='bbox 1031 1598 1130 1693; x_wconf 77' lang='lat' dir='ltr'><em>stalera</em></span> <span class='ocrx_word' id='word_1_150' title='bbox 1144 1623 1227 1692; x_wconf 87' lang='lat' dir='ltr'><em>pace</em></span> <span class='ocrx_word' id='word_1_151' title='bbox 1273 1602 1402 1695; x_wconf 86' lang='lat' dir='ltr'><em>inquit,</em></span> <span class='ocrx_word' id='word_1_152' title='bbox 1426 1624 1496 1669; x_wconf 82' lang='lat' dir='ltr'><em>nem</em></span> <span class='ocrx_word' id='word_1_153' title='bbox 1510 1592 1693 1672; x_wconf 82' lang='lat' dir='ltr'><em>Luthcrsini</em></span> <span class='ocrx_word' id='word_1_154' title='bbox 1716 1603 1854 1672; x_wconf 84' lang='lat' dir='ltr'><em>multum</em></span> <span class='ocrx_word' id='word_1_155' title='bbox 1866 1600 1949 1695; x_wconf 81' lang='lat' dir='ltr'><em>fidei</em></span> <span class='ocrx_word' id='word_1_156' title='bbox 1978 1605 2152 1679; x_wconf 84' lang='lat' dir='ltr'><em>tribuant.</em></span> <span class='ocrx_word' id='word_1_157' title='bbox 2223 1659 2226 1664; x_wconf 92' lang='lat'><em>.</em></span> 
     </span>
     <span class='ocr_line' id='line_1_14' title="bbox 351 1696 2198 1795; baseline -0.003 -21"><span class='ocrx_word' id='word_1_158' title='bbox 351 1700 398 1774; x_wconf 56' lang='grc' dir='ltr'><em>Εἴ</em></span> <span class='ocrx_word' id='word_1_159' title='bbox 418 1700 613 1771; x_wconf 71' lang='lat' dir='ltr'><em>auhioritate</em></span> <span class='ocrx_word' id='word_1_160' title='bbox 635 1712 711 1786; x_wconf 90' lang='lat' dir='ltr'><em>tna,</em></span> <span class='ocrx_word' id='word_1_161' title='bbox 744 1706 834 1770; x_wconf 87' lang='lat' dir='ltr'><em>credo</em></span> <span class='ocrx_word' id='word_1_162' title='bbox 856 1697 912 1795; x_wconf 78' lang='lat' dir='ltr'><em>effe</em></span> <span class='ocrx_word' id='word_1_163' title='bbox 933 1702 1061 1767; x_wconf 88' lang='lat' dir='ltr'><em>omnino</em></span> <span class='ocrx_word' id='word_1_164' title='bbox 1082 1698 1221 1791; x_wconf 79' lang='lat' dir='ltr'><em>firlstcm.</em></span> <span class='ocrx_word' id='word_1_165' title='bbox 1271 1697 1345 1767; x_wconf 81' lang='lat' dir='ltr'><em>berec</em></span> <span class='ocrx_word' id='word_1_166' title='bbox 1366 1699 1471 1789; x_wconf 87' lang='lat' dir='ltr'><em>opinio</em></span> <span class='ocrx_word' id='word_1_167' title='bbox 1497 1704 1644 1795; x_wconf 81' lang='lat' dir='ltr'><em>derogat.</em></span> <span class='ocrx_word' id='word_1_168' title='bbox 1693 1698 1835 1771; x_wconf 79' lang='lat' dir='ltr'><em>Ibidem:</em></span> <span class='ocrx_word' id='word_1_169' title='bbox 1862 1700 2059 1771; x_wconf 85' lang='lat' dir='ltr'><em>Guillandus</em></span> <span class='ocrx_word' id='word_1_170' title='bbox 2081 1723 2151 1770; x_wconf 86' lang='lat' dir='ltr'><em>cer·</em></span> <span class='ocrx_word' id='word_1_171' title='bbox 2192 1696 2198 1700; x_wconf 63' lang='grc'><strong>’</strong></span> 
     </span>
     <span class='ocr_line' id='line_1_15' title="bbox 350 1794 2145 1893; baseline -0.001 -24"><span class='ocrx_word' id='word_1_172' title='bbox 350 1799 476 1869; x_wconf 81' lang='lat' dir='ltr'><em>Contra</em></span> <span class='ocrx_word' id='word_1_173' title='bbox 492 1800 686 1867; x_wconf 74' lang='lat' dir='ltr'><em>Camerinus</em></span> <span class='ocrx_word' id='word_1_174' title='bbox 703 1801 733 1867; x_wconf 89' lang='lat' dir='ltr'><em>in</em></span> <span class='ocrx_word' id='word_1_175' title='bbox 754 1794 875 1892; x_wconf 90' lang='lat' dir='ltr'><em>scripto</em></span> <span class='ocrx_word' id='word_1_176' title='bbox 883 1820 996 1868; x_wconf 82' lang='lat' dir='ltr'><em>contra</em></span> <span class='ocrx_word' id='word_1_177' title='bbox 1006 1798 1223 1866; x_wconf 88' lang='lat' dir='ltr'><em>Dominicum</em></span> <span class='ocrx_word' id='word_1_178' title='bbox 1268 1798 1435 1868; x_wconf 81' lang='lat' dir='ltr'><em>titudinem</em></span> <span class='ocrx_word' id='word_1_179' title='bbox 1454 1802 1585 1892; x_wconf 78' lang='lat' dir='ltr'><em>gratiae</em></span> <span class='ocrx_word' id='word_1_180' title='bbox 1600 1798 1738 1892; x_wconf 80' lang='lat' dir='ltr'><em>defendit</em></span> <span class='ocrx_word' id='word_1_181' title='bbox 1748 1798 1886 1893; x_wconf 81' lang='lat' dir='ltr'><em>prorsus</em></span> <span class='ocrx_word' id='word_1_182' title='bbox 1905 1799 2145 1871; x_wconf 85' lang='lat' dir='ltr'><em>utLutherani</em></span> 
     </span>
     <span class='ocr_line' id='line_1_16' title="bbox 349 1888 2154 1993; baseline -0.001 -23"><span class='ocrx_word' id='word_1_183' title='bbox 349 1898 497 1982; x_wconf 81' lang='lat' dir='ltr'><em>Serum,</em></span> <span class='ocrx_word' id='word_1_184' title='bbox 522 1890 703 1988; x_wconf 84' lang='lat' dir='ltr'><em>(referente</em></span> <span class='ocrx_word' id='word_1_185' title='bbox 712 1894 820 1969; x_wconf 80' lang='lat' dir='ltr'><em>Flacio</em></span> <span class='ocrx_word' id='word_1_186' title='bbox 839 1894 908 1964; x_wconf 85' lang='lat' dir='ltr'><em>libr.</em></span> <span class='ocrx_word' id='word_1_187' title='bbox 917 1893 958 1964; x_wconf 85' lang='lat' dir='ltr'><em>de</em></span> <span class='ocrx_word' id='word_1_188' title='bbox 972 1888 1222 1965; x_wconf 65' lang='lat' dir='ltr'><em>diffinssPorttifi</em></span> <span class='ocrx_word' id='word_1_189' title='bbox 1269 1895 1352 1990; x_wconf 79' lang='lat' dir='ltr'><em>Cep.</em></span> <span class='ocrx_word' id='word_1_190' title='bbox 1367 1917 1401 1977; x_wconf 78' lang='lat'><em>7.</em></span> <span class='ocrx_word' id='word_1_191' title='bbox 1428 1899 1479 1964; x_wconf 87' lang='lat' dir='ltr'><em>Et</em></span> <span class='ocrx_word' id='word_1_192' title='bbox 1496 1897 1593 1965; x_wconf 86' lang='lat' dir='ltr'><em>talem</em></span> <span class='ocrx_word' id='word_1_193' title='bbox 1606 1899 1826 1966; x_wconf 87' lang='lat' dir='ltr'><em>certitudinem</em></span> <span class='ocrx_word' id='word_1_194' title='bbox 1861 1898 2094 1993; x_wconf 83' lang='lat' dir='ltr'><em>consequentem</em></span> <span class='ocrx_word' id='word_1_195' title='bbox 2102 1894 2154 1989; x_wconf 86' lang='lat' dir='ltr'><em>fi</em></span> 
     </span>
     <span class='ocr_line' id='line_1_17' title="bbox 348 1990 2263 2092; baseline 0.002 -31"><span class='ocrx_word' id='word_1_196' title='bbox 348 2018 419 2092; x_wconf 74' lang='lat' dir='ltr'><em>pag.</em></span> <span class='ocrx_word' id='word_1_197' title='bbox 441 1999 526 2080; x_wconf 69' lang='grc' dir='ltr'><strong>ῦς.)</strong></span> <span class='ocrx_word' id='word_1_198' title='bbox 563 1997 707 2071; x_wconf 86' lang='lat' dir='ltr'><em>deduco,</em></span> <span class='ocrx_word' id='word_1_199' title='bbox 745 1998 815 2073; x_wconf 83' lang='lat' dir='ltr'><em>uit,</em></span> <span class='ocrx_word' id='word_1_200' title='bbox 846 2005 958 2063; x_wconf 86' lang='lat' dir='ltr'><em>contra</em></span> <span class='ocrx_word' id='word_1_201' title='bbox 978 1992 1059 2061; x_wconf 87' lang='lat' dir='ltr'><em>hanc</em></span> <span class='ocrx_word' id='word_1_202' title='bbox 1082 1990 1223 2086; x_wconf 83' lang='lat' dir='ltr'><em>nostram</em></span> <span class='ocrx_word' id='word_1_203' title='bbox 1268 1995 1340 2060; x_wconf 89' lang='lat' dir='ltr'><em>dem</em></span> <span class='ocrx_word' id='word_1_204' title='bbox 1364 1994 1457 2062; x_wconf 89' lang='lat' dir='ltr'><em>multi</em></span> <span class='ocrx_word' id='word_1_205' title='bbox 1472 1994 1614 2063; x_wconf 75' lang='lat' dir='ltr'><em>catholici</em></span> <span class='ocrx_word' id='word_1_206' title='bbox 1637 2005 1713 2064; x_wconf 89' lang='lat' dir='ltr'><em>ante</em></span> <span class='ocrx_word' id='word_1_207' title='bbox 1733 2000 1893 2080; x_wconf 78' lang='lat' dir='ltr'><em>decretum</em></span> <span class='ocrx_word' id='word_1_208' title='bbox 1919 1998 2040 2066; x_wconf 86' lang='lat' dir='ltr'><em>concilii</em></span> <span class='ocrx_word' id='word_1_209' title='bbox 2069 1995 2150 2065; x_wconf 84' lang='lat' dir='ltr'><em>Tri·</em></span> <span class='ocrx_word' id='word_1_210' title='bbox 2258 2047 2263 2052; x_wconf 87' lang='lat'>-</span> 
     </span>
     <span class='ocr_line' id='line_1_18' title="bbox 340 2088 2175 2188; baseline -0.001 -25"><span class='ocrx_word' id='word_1_211' title='bbox 340 2093 535 2186; x_wconf 86' lang='lat' dir='ltr'><em>sententiam</em></span> <span class='ocrx_word' id='word_1_212' title='bbox 550 2091 630 2160; x_wconf 91' lang='lat' dir='ltr'><em>nihil</em></span> <span class='ocrx_word' id='word_1_213' title='bbox 642 2088 866 2188; x_wconf 82' lang='lat' dir='ltr'><em>pronunciaffe</em></span> <span class='ocrx_word' id='word_1_214' title='bbox 870 2091 1035 2186; x_wconf 72' lang='lat' dir='ltr'><em>synodum</em></span> <span class='ocrx_word' id='word_1_215' title='bbox 1062 2092 1223 2161; x_wconf 88' lang='lat' dir='ltr'><em>Tridenti-</em></span> <span class='ocrx_word' id='word_1_216' title='bbox 1267 2094 1390 2159; x_wconf 90' lang='lat' dir='ltr'><em>dentini</em></span> <span class='ocrx_word' id='word_1_217' title='bbox 1404 2093 1600 2182; x_wconf 87' lang='lat' dir='ltr'><em>probabilem</em></span> <span class='ocrx_word' id='word_1_218' title='bbox 1615 2089 1670 2186; x_wconf 78' lang='lat' dir='ltr'><em>effe</em></span> <span class='ocrx_word' id='word_1_219' title='bbox 1687 2092 1871 2186; x_wconf 82' lang='lat' dir='ltr'><em>censebant,</em></span> <span class='ocrx_word' id='word_1_220' title='bbox 1909 2092 1956 2167; x_wconf 66' lang='grc' dir='ltr'><em>ἔθ’</em></span> <span class='ocrx_word' id='word_1_221' title='bbox 1975 2118 2046 2164; x_wconf 88' lang='lat' dir='ltr'><em>eam</em></span> <span class='ocrx_word' id='word_1_222' title='bbox 2064 2117 2175 2168; x_wconf 67' lang='lat' dir='ltr'><em>conu,</em></span> 
     </span>
    </p>
   </div>
   <div class='ocr_carea' id='block_1_3' title="bbox 340 2189 2278 2287">
    <p class='ocr_par' dir='ltr' id='par_1_4' title="bbox 340 2189 2278 2287">
     <span class='ocr_line' id='line_1_19' title="bbox 340 2189 2278 2287; baseline 0.002 -26"><span class='ocrx_word' id='word_1_223' title='bbox 340 2216 450 2280; x_wconf 16' lang='lat' dir='ltr'><em>unitur,</em></span> <span class='ocrx_word' id='word_1_224' title='bbox 481 2194 564 2285; x_wconf 70' lang='lat' dir='ltr'><em>qnod</em></span> <span class='ocrx_word' id='word_1_225' title='bbox 580 2214 636 2286; x_wconf 73' lang='lat' dir='ltr'><em>ego</em></span> <span class='ocrx_word' id='word_1_226' title='bbox 649 2195 681 2259; x_wconf 91' lang='lat' dir='ltr'><em>in</em></span> <span class='ocrx_word' id='word_1_227' title='bbox 687 2194 795 2282; x_wconf 87' lang='lat' dir='ltr'><em>primo</em></span> <span class='ocrx_word' id='word_1_228' title='bbox 810 2214 877 2259; x_wconf 79' lang='lat' dir='ltr'><em>anco</em></span> <span class='ocrx_word' id='word_1_229' title='bbox 890 2192 994 2258; x_wconf 85' lang='lat' dir='ltr'><em>detexi</em></span> <span class='ocrx_word' id='word_1_230' title='bbox 1002 2189 1111 2264; x_wconf 87' lang='lat' dir='ltr'><em>libello,</em></span> <span class='ocrx_word' id='word_1_231' title='bbox 1127 2211 1220 2283; x_wconf 88' lang='lat' dir='ltr'><em>quem</em></span> <span class='ocrx_word' id='word_1_232' title='bbox 1247 2213 1249 2217; x_wconf 71' lang='grc'>’</span> <span class='ocrx_word' id='word_1_233' title='bbox 1261 2189 1411 2281; x_wconf 89' lang='lat' dir='ltr'><em>pluribus</em></span> <span class='ocrx_word' id='word_1_234' title='bbox 1426 2193 1625 2287; x_wconf 83' lang='lat' dir='ltr'><em>argumentis</em></span> <span class='ocrx_word' id='word_1_235' title='bbox 1633 2189 1775 2282; x_wconf 77' lang='lat' dir='ltr'><em>suadere</em></span> <span class='ocrx_word' id='word_1_236' title='bbox 1789 2195 1999 2262; x_wconf 86' lang='lat' dir='ltr'><em>conabantur.</em></span> <span class='ocrx_word' id='word_1_237' title='bbox 2049 2190 2144 2261; x_wconf 82' lang='lat' dir='ltr'><em>Mur·</em></span> <span class='ocrx_word' id='word_1_238' title='bbox 2242 2261 2247 2265; x_wconf 86' lang='lat'><em>.</em></span> <span class='ocrx_word' id='word_1_239' title='bbox 2265 2267 2278 2273; x_wconf 73' lang='grc'><em>,,</em></span> 
     </span>
    </p>
   </div>
   <div class='ocr_carea' id='block_1_4' title="bbox 295 2265 2246 4944">
    <p class='ocr_par' dir='ltr' id='par_1_5' title="bbox 295 2265 2246 4944">
     <span class='ocr_line' id='line_1_20' title="bbox 347 2265 2238 2389; baseline -0.001 -29"><span class='ocrx_word' id='word_1_240' title='bbox 347 2294 390 2360; x_wconf 88' lang='lat' dir='ltr'><em>ad</em></span> <span class='ocrx_word' id='word_1_241' title='bbox 403 2289 621 2389; x_wconf 61' lang='lat' dir='ltr'><em>prospieientes</em></span> <span class='ocrx_word' id='word_1_242' title='bbox 639 2289 697 2386; x_wconf 73' lang='lat' dir='ltr'><em>ipsi</em></span> <span class='ocrx_word' id='word_1_243' title='bbox 717 2289 842 2357; x_wconf 84' lang='lat' dir='ltr'><em>concilio</em></span> <span class='ocrx_word' id='word_1_244' title='bbox 866 2288 890 2378; x_wconf 95' lang='lat'><em>(</em></span> <span class='ocrx_word' id='word_1_245' title='bbox 900 2309 1038 2382; x_wconf 84' lang='lat' dir='ltr'><em>qnorum</em></span> <span class='ocrx_word' id='word_1_246' title='bbox 1058 2289 1140 2357; x_wconf 90' lang='lat' dir='ltr'><em>alter</em></span> <span class='ocrx_word' id='word_1_247' title='bbox 1155 2287 1222 2356; x_wconf 89' lang='lat' dir='ltr'><em>Dei</em></span> <span class='ocrx_word' id='word_1_248' title='bbox 1267 2265 1350 2358; x_wconf 63' lang='lat' dir='ltr'><em>tinius</em></span> <span class='ocrx_word' id='word_1_249' title='bbox 1366 2279 1607 2384; x_wconf 81' lang='lat' dir='ltr'><em>Eysengteinius</em></span> <span class='ocrx_word' id='word_1_250' title='bbox 1618 2312 1774 2385; x_wconf 81' lang='lat' dir='ltr'><em>perquam</em></span> <span class='ocrx_word' id='word_1_251' title='bbox 1783 2287 1911 2385; x_wconf 88' lang='lat' dir='ltr'><em>prolixo</em></span> <span class='ocrx_word' id='word_1_252' title='bbox 1927 2288 2047 2382; x_wconf 85' lang='lat' dir='ltr'><em>scripto</em></span> <span class='ocrx_word' id='word_1_253' title='bbox 2057 2288 2142 2361; x_wconf 81' lang='lat' dir='ltr'><em>hunc</em></span> <span class='ocrx_word' id='word_1_254' title='bbox 2221 2369 2238 2380; x_wconf 71' lang='lat'><em>.</em></span> 
     </span>
     <span class='ocr_line' id='line_1_21' title="bbox 345 2383 2224 2482; baseline 0 -25"><span class='ocrx_word' id='word_1_255' title='bbox 345 2391 461 2482; x_wconf 74' lang='lat' dir='ltr'><em>pretia</em></span> <span class='ocrx_word' id='word_1_256' title='bbox 470 2388 622 2482; x_wconf 89' lang='lat' dir='ltr'><em>summus</em></span> <span class='ocrx_word' id='word_1_257' title='bbox 638 2387 678 2480; x_wconf 77' lang='lat' dir='ltr'><em>est</em></span> <span class='ocrx_word' id='word_1_258' title='bbox 686 2388 837 2482; x_wconf 78' lang='lat' dir='ltr'><em>pontifex</em></span> <span class='ocrx_word' id='word_1_259' title='bbox 857 2387 962 2458; x_wconf 87' lang='lat' dir='ltr'><em>lulius</em></span> <span class='ocrx_word' id='word_1_260' title='bbox 983 2387 1084 2477; x_wconf 84' lang='grc' dir='ltr'><em>ΙΙΙ.)</em></span> <span class='ocrx_word' id='word_1_261' title='bbox 1112 2383 1159 2458; x_wconf 65' lang='grc' dir='ltr'><em>δ’</em></span> <span class='ocrx_word' id='word_1_262' title='bbox 1178 2388 1222 2453; x_wconf 87' lang='lat' dir='ltr'><em>od</em></span> <span class='ocrx_word' id='word_1_263' title='bbox 1267 2388 1435 2455; x_wconf 76' lang='lat' dir='ltr'><em>materiam</em></span> <span class='ocrx_word' id='word_1_264' title='bbox 1452 2385 1598 2462; x_wconf 73' lang='lat' dir='ltr'><em>ttallovit</em></span> <span class='ocrx_word' id='word_1_265' title='bbox 1615 2413 1625 2472; x_wconf 85' lang='lat'><em>3</em></span> <span class='ocrx_word' id='word_1_266' title='bbox 1651 2389 1763 2480; x_wconf 85' lang='lat' dir='ltr'><em>inquo</em></span> <span class='ocrx_word' id='word_1_267' title='bbox 1780 2411 1847 2457; x_wconf 88' lang='lat' dir='ltr'><em>non</em></span> <span class='ocrx_word' id='word_1_268' title='bbox 1870 2404 1995 2459; x_wconf 82' lang='lat' dir='ltr'><em>tantum</em></span> <span class='ocrx_word' id='word_1_269' title='bbox 2011 2386 2140 2466; x_wconf 80' lang='lat' dir='ltr'><em>dubiu·</em></span> <span class='ocrx_word' id='word_1_270' title='bbox 2223 2414 2224 2418; x_wconf 47' lang='lat'>¹</span> 
     </span>
     <span class='ocr_line' id='line_1_22' title="bbox 345 2482 2139 2581; baseline 0 -26"><span class='ocrx_word' id='word_1_271' title='bbox 345 2487 447 2580; x_wconf 78' lang='lat' dir='ltr'><em>ipfitm</em></span> <span class='ocrx_word' id='word_1_272' title='bbox 455 2484 698 2580; x_wconf 74' lang='lat' dir='ltr'><em>fircrostmttau</em></span> <span class='ocrx_word' id='word_1_273' title='bbox 703 2485 864 2581; x_wconf 81' lang='lat' dir='ltr'><em>synodum</em></span> <span class='ocrx_word' id='word_1_274' title='bbox 887 2483 1039 2579; x_wconf 78' lang='lat' dir='ltr'><em>destinavi</em></span> <span class='ocrx_word' id='word_1_275' title='bbox 1047 2531 1059 2558; x_wconf 82' lang='lat'>,</span> <span class='ocrx_word' id='word_1_276' title='bbox 1086 2483 1221 2553; x_wconf 87' lang='lat' dir='ltr'><em>corallo·</em></span> <span class='ocrx_word' id='word_1_277' title='bbox 1264 2484 1362 2552; x_wconf 89' lang='lat' dir='ltr'><em>tionis</em></span> <span class='ocrx_word' id='word_1_278' title='bbox 1377 2500 1565 2579; x_wconf 80' lang='lat' dir='ltr'><em>portentum</em></span> <span class='ocrx_word' id='word_1_279' title='bbox 1586 2483 1776 2577; x_wconf 82' lang='lat' dir='ltr'><em>improbat,</em></span> <span class='ocrx_word' id='word_1_280' title='bbox 1819 2482 1871 2555; x_wconf 85' lang='lat' dir='ltr'><em>sed</em></span> <span class='ocrx_word' id='word_1_281' title='bbox 1895 2490 1930 2558; x_wconf 73' lang='grc' dir='ltr'>ἀ</span> <span class='ocrx_word' id='word_1_282' title='bbox 1954 2485 2139 2558; x_wconf 82' lang='lat' dir='ltr'><em>constanter</em></span> 
     </span>
     <span class='ocr_line' id='line_1_23' title="bbox 344 2581 2140 2681; baseline 0 -26"><span class='ocrx_word' id='word_1_283' title='bbox 344 2608 441 2681; x_wconf 77' lang='lat' dir='ltr'><em>quens</em></span> <span class='ocrx_word' id='word_1_284' title='bbox 456 2583 504 2654; x_wconf 89' lang='lat' dir='ltr'><em>his</em></span> <span class='ocrx_word' id='word_1_285' title='bbox 514 2585 612 2675; x_wconf 90' lang='lat' dir='ltr'><em>plane</em></span> <span class='ocrx_word' id='word_1_286' title='bbox 626 2586 748 2653; x_wconf 83' lang='lat' dir='ltr'><em>verbis:</em></span> <span class='ocrx_word' id='word_1_287' title='bbox 771 2588 875 2670; x_wconf 86' lang='lat' dir='ltr'><em>addo,</em></span> <span class='ocrx_word' id='word_1_288' title='bbox 899 2587 983 2674; x_wconf 80' lang='lat' dir='ltr'><em>quod</em></span> <span class='ocrx_word' id='word_1_289' title='bbox 993 2582 1124 2676; x_wconf 82' lang='lat' dir='ltr'><em>saepius</em></span> <span class='ocrx_word' id='word_1_290' title='bbox 1138 2605 1220 2674; x_wconf 88' lang='lat' dir='ltr'><em>pro·</em></span> <span class='ocrx_word' id='word_1_291' title='bbox 1263 2599 1381 2674; x_wconf 84' lang='lat' dir='ltr'><em>negat,</em></span> <span class='ocrx_word' id='word_1_292' title='bbox 1417 2605 1563 2673; x_wconf 82' lang='lat' dir='ltr'><em>unquam</em></span> <span class='ocrx_word' id='word_1_293' title='bbox 1585 2606 1604 2649; x_wconf 85' lang='lat' dir='ltr'>a</span> <span class='ocrx_word' id='word_1_294' title='bbox 1625 2581 1804 2653; x_wconf 78' lang='lat' dir='ltr'><em>Pontificiit</em></span> <span class='ocrx_word' id='word_1_295' title='bbox 1829 2581 1913 2652; x_wconf 86' lang='lat' dir='ltr'><em>hanc</em></span> <span class='ocrx_word' id='word_1_296' title='bbox 1948 2586 2140 2680; x_wconf 86' lang='lat' dir='ltr'><em>opinionem</em></span> 
     </span>
     <span class='ocr_line' id='line_1_24' title="bbox 345 2674 2136 2782; baseline 0 -29"><span class='ocrx_word' id='word_1_297' title='bbox 345 2683 627 2782; x_wconf 72' lang='lat' dir='ltr'><em>testatiſsntambo</em></span> <span class='ocrx_word' id='word_1_298' title='bbox 641 2683 856 2779; x_wconf 77' lang='lat' dir='ltr'><em>praefidenter</em></span> <span class='ocrx_word' id='word_1_299' title='bbox 872 2680 1106 2774; x_wconf 70' lang='lat' dir='ltr'><em>&amp;specialiter</em></span> <span class='ocrx_word' id='word_1_300' title='bbox 1119 2678 1219 2748; x_wconf 89' lang='lat' dir='ltr'><em>inhac</em></span> <span class='ocrx_word' id='word_1_301' title='bbox 1262 2674 1353 2748; x_wconf 77' lang='lat' dir='ltr'><em>fuisse</em></span> <span class='ocrx_word' id='word_1_302' title='bbox 1367 2678 1529 2759; x_wconf 73' lang='lat' dir='ltr'><em>traditum.</em></span> <span class='ocrx_word' id='word_1_303' title='bbox 1571 2680 1684 2774; x_wconf 23' lang='lat' dir='ltr'><em>&#39;Neget</em></span> <span class='ocrx_word' id='word_1_304' title='bbox 1706 2683 1801 2750; x_wconf 77' lang='lat' dir='ltr'><em>etiem</em></span> <span class='ocrx_word' id='word_1_305' title='bbox 1827 2684 1958 2751; x_wconf 77' lang='lat' dir='ltr'><em>canonis</em></span> <span class='ocrx_word' id='word_1_306' title='bbox 1980 2680 2136 2753; x_wconf 85' lang='lat' dir='ltr'><em>Trident.</em></span> 
     </span>
     <span class='ocr_line' id='line_1_25' title="bbox 344 2773 2136 2879; baseline -0.001 -27"><span class='ocrx_word' id='word_1_307' title='bbox 344 2779 568 2879; x_wconf 78' lang='lat' dir='ltr'><em>controuerfia,</em></span> <span class='ocrx_word' id='word_1_308' title='bbox 594 2792 665 2866; x_wconf 83' lang='lat' dir='ltr'><em>tum</em></span> <span class='ocrx_word' id='word_1_309' title='bbox 674 2782 707 2848; x_wconf 89' lang='lat' dir='ltr'><em>in</em></span> <span class='ocrx_word' id='word_1_310' title='bbox 722 2792 1037 2871; x_wconf 85' lang='lat' dir='ltr'><em>conuentnpatrum;</em></span> <span class='ocrx_word' id='word_1_311' title='bbox 1062 2791 1132 2846; x_wconf 87' lang='lat' dir='ltr'><em>tum</em></span> <span class='ocrx_word' id='word_1_312' title='bbox 1141 2800 1216 2846; x_wconf 86' lang='lat' dir='ltr'><em>vero</em></span> <span class='ocrx_word' id='word_1_313' title='bbox 1262 2774 1346 2845; x_wconf 81' lang='lat' dir='ltr'><em>hanc</em></span> <span class='ocrx_word' id='word_1_314' title='bbox 1359 2773 1419 2845; x_wconf 81' lang='lat' dir='ltr'><em>elle</em></span> <span class='ocrx_word' id='word_1_315' title='bbox 1432 2775 1616 2846; x_wconf 80' lang='lat' dir='ltr'><em>sententiam</em></span> <span class='ocrx_word' id='word_1_316' title='bbox 1626 2826 1635 2856; x_wconf 89' lang='lat'>,</span> <span class='ocrx_word' id='word_1_317' title='bbox 1645 2776 1734 2874; x_wconf 88' lang='lat' dir='ltr'><em>quod</em></span> <span class='ocrx_word' id='word_1_318' title='bbox 1749 2776 1897 2850; x_wconf 85' lang='lat' dir='ltr'><em>videlicet</em></span> <span class='ocrx_word' id='word_1_319' title='bbox 1911 2802 1986 2850; x_wconf 80' lang='lat' dir='ltr'><em>vete</em></span> <span class='ocrx_word' id='word_1_320' title='bbox 2000 2778 2136 2851; x_wconf 82' lang='lat' dir='ltr'><em>creden-</em></span> 
     </span>
     <span class='ocr_line' id='line_1_26' title="bbox 343 2870 2135 2976; baseline -0.002 -25"><span class='ocrx_word' id='word_1_321' title='bbox 343 2880 638 2976; x_wconf 82' lang='lat' dir='ltr'><em>iucongregatione</em></span> <span class='ocrx_word' id='word_1_322' title='bbox 659 2876 875 2974; x_wconf 75' lang='lat' dir='ltr'><em>theologorum</em></span> <span class='ocrx_word' id='word_1_323' title='bbox 897 2876 945 2950; x_wconf 57' lang='lat' dir='ltr'><em>if</em></span> <span class='ocrx_word' id='word_1_324' title='bbox 965 2878 1078 2948; x_wconf 73' lang='lat' dir='ltr'><em>,ainbos</em></span> <span class='ocrx_word' id='word_1_325' title='bbox 1094 2878 1220 2944; x_wconf 86' lang='lat' dir='ltr'><em>audiui·</em></span> <span class='ocrx_word' id='word_1_326' title='bbox 1262 2873 1344 2943; x_wconf 90' lang='lat' dir='ltr'><em>tibus</em></span> <span class='ocrx_word' id='word_1_327' title='bbox 1365 2870 1403 2943; x_wconf 82' lang='lat' dir='ltr'><em>fit</em></span> <span class='ocrx_word' id='word_1_328' title='bbox 1424 2872 1632 2944; x_wconf 84' lang='lat' dir='ltr'><em>dubitandum</em></span> <span class='ocrx_word' id='word_1_329' title='bbox 1659 2873 1700 2945; x_wconf 87' lang='lat' dir='ltr'><em>de</em></span> <span class='ocrx_word' id='word_1_330' title='bbox 1721 2880 1823 2971; x_wconf 81' lang='lat' dir='ltr'><em>gratia</em></span> <span class='ocrx_word' id='word_1_331' title='bbox 1848 2878 1920 2948; x_wconf 86' lang='lat' dir='ltr'><em>Dei.</em></span> <span class='ocrx_word' id='word_1_332' title='bbox 1977 2879 2018 2950; x_wconf 85' lang='lat' dir='ltr'><em>Et</em></span> <span class='ocrx_word' id='word_1_333' title='bbox 2040 2899 2075 2946; x_wconf 87' lang='lat' dir='ltr'><em>ut</em></span> <span class='ocrx_word' id='word_1_334' title='bbox 2094 2878 2135 2948; x_wconf 83' lang='lat' dir='ltr'><em>ab</em></span> 
     </span>
     <span class='ocr_line' id='line_1_27' title="bbox 316 2968 2137 3074; baseline -0.002 -24"><span class='ocrx_word' id='word_1_335' title='bbox 316 2974 665 3071; x_wconf 58' lang='lat' dir='ltr'><em>perrumpimus,</em></span> <span class='ocrx_word' id='word_1_336' title='bbox 698 3001 763 3045; x_wconf 88' lang='lat' dir='ltr'><em>non</em></span> <span class='ocrx_word' id='word_1_337' title='bbox 793 2978 894 3045; x_wconf 88' lang='lat' dir='ltr'><em>uideri</em></span> <span class='ocrx_word' id='word_1_338' title='bbox 913 2976 977 3074; x_wconf 72' lang='lat' dir='ltr'><em>fibi</em></span> <span class='ocrx_word' id='word_1_339' title='bbox 1009 2973 1217 3070; x_wconf 65' lang='lat' dir='ltr'><em>quaestionem</em></span> <span class='ocrx_word' id='word_1_340' title='bbox 1259 2972 1321 3041; x_wconf 81' lang='lat' dir='ltr'><em>hoc</em></span> <span class='ocrx_word' id='word_1_341' title='bbox 1337 2975 1492 3065; x_wconf 88' lang='lat' dir='ltr'><em>opinione</em></span> <span class='ocrx_word' id='word_1_342' title='bbox 1507 2968 1849 3070; x_wconf 71' lang='lat' dir='ltr'><em>liberetl&#39;ontificios,</em></span> <span class='ocrx_word' id='word_1_343' title='bbox 1877 2972 2137 3046; x_wconf 84' lang='lat' dir='ltr'><em>contenditbtnc</em></span> 
     </span>
     <span class='ocr_line' id='line_1_28' title="bbox 309 3065 2134 3172; baseline -0.003 -24"><span class='ocrx_word' id='word_1_344' title='bbox 309 3117 312 3122; x_wconf 95' lang='lat'>·</span> <span class='ocrx_word' id='word_1_345' title='bbox 342 3075 517 3169; x_wconf 78' lang='lat' dir='ltr'><em>honestetis</em></span> <span class='ocrx_word' id='word_1_346' title='bbox 531 3071 693 3170; x_wconf 78' lang='lat' dir='ltr'><em>discuffam</em></span> <span class='ocrx_word' id='word_1_347' title='bbox 709 3078 753 3144; x_wconf 88' lang='lat' dir='ltr'><em>ad</em></span> <span class='ocrx_word' id='word_1_348' title='bbox 767 3076 954 3172; x_wconf 70' lang='lat' dir='ltr'><em>derisionem.</em></span> <span class='ocrx_word' id='word_1_349' title='bbox 994 3078 1066 3143; x_wconf 89' lang='lat' dir='ltr'><em>Ima</em></span> <span class='ocrx_word' id='word_1_350' title='bbox 1083 3070 1217 3163; x_wconf 82' lang='lat' dir='ltr'><em>ipsamet</em></span> <span class='ocrx_word' id='word_1_351' title='bbox 1259 3065 1352 3141; x_wconf 77' lang='lat' dir='ltr'><em>fuille</em></span> <span class='ocrx_word' id='word_1_352' title='bbox 1375 3087 1519 3161; x_wconf 81' lang='lat' dir='ltr'><em>patrum,</em></span> <span class='ocrx_word' id='word_1_353' title='bbox 1545 3074 1656 3164; x_wconf 89' lang='lat' dir='ltr'><em>quiin</em></span> <span class='ocrx_word' id='word_1_354' title='bbox 1687 3068 1809 3163; x_wconf 80' lang='lat' dir='ltr'><em>synodo</em></span> <span class='ocrx_word' id='word_1_355' title='bbox 1838 3072 2035 3142; x_wconf 77' lang='lat' dir='ltr'><em>Tridentino</em></span> <span class='ocrx_word' id='word_1_356' title='bbox 2055 3099 2134 3143; x_wconf 86' lang='lat' dir='ltr'><em>con·</em></span> 
     </span>
     <span class='ocr_line' id='line_1_29' title="bbox 342 3161 2132 3269; baseline 0.001 -28"><span class='ocrx_word' id='word_1_357' title='bbox 342 3177 420 3248; x_wconf 85' lang='lat' dir='ltr'><em>S.·S.</em></span> <span class='ocrx_word' id='word_1_358' title='bbox 438 3172 587 3268; x_wconf 76' lang='lat' dir='ltr'><em>synodus</em></span> <span class='ocrx_word' id='word_1_359' title='bbox 603 3176 650 3243; x_wconf 86' lang='lat' dir='ltr'><em>bis</em></span> <span class='ocrx_word' id='word_1_360' title='bbox 670 3174 862 3255; x_wconf 77' lang='lat' dir='ltr'><em>declaravit,</em></span> <span class='ocrx_word' id='word_1_361' title='bbox 885 3173 981 3269; x_wconf 79' lang='lat' dir='ltr'><em>hujus</em></span> <span class='ocrx_word' id='word_1_362' title='bbox 994 3174 1041 3241; x_wconf 86' lang='lat' dir='ltr'><em>rei</em></span> <span class='ocrx_word' id='word_1_363' title='bbox 1060 3168 1214 3260; x_wconf 83' lang='lat' dir='ltr'><em>definitio·</em></span> <span class='ocrx_word' id='word_1_364' title='bbox 1253 3168 1381 3264; x_wconf 75' lang='lat' dir='ltr'><em>gregati</em></span> <span class='ocrx_word' id='word_1_365' title='bbox 1418 3161 1573 3244; x_wconf 83' lang='lat' dir='ltr'><em>fuerunt,</em></span> <span class='ocrx_word' id='word_1_366' title='bbox 1611 3162 1818 3252; x_wconf 86' lang='lat' dir='ltr'><em>sententiam,</em></span> <span class='ocrx_word' id='word_1_367' title='bbox 1853 3166 1944 3263; x_wconf 89' lang='lat' dir='ltr'><em>quod</em></span> <span class='ocrx_word' id='word_1_368' title='bbox 1983 3167 2132 3243; x_wconf 75' lang='lat' dir='ltr'><em>videlicet</em></span> 
     </span>
     <span class='ocr_line' id='line_1_30' title="bbox 340 3265 2133 3365; baseline -0.003 -19"><span class='ocrx_word' id='word_1_369' title='bbox 340 3297 409 3346; x_wconf 75' lang='lat' dir='ltr'><em>nem</em></span> <span class='ocrx_word' id='word_1_370' title='bbox 425 3285 504 3342; x_wconf 86' lang='lat' dir='ltr'><em>tunc</em></span> <span class='ocrx_word' id='word_1_371' title='bbox 517 3273 724 3340; x_wconf 87' lang='lat' dir='ltr'><em>omittendam</em></span> <span class='ocrx_word' id='word_1_372' title='bbox 738 3268 794 3365; x_wconf 80' lang='lat' dir='ltr'><em>effe</em></span> <span class='ocrx_word' id='word_1_373' title='bbox 808 3269 854 3343; x_wconf 61' lang='grc' dir='ltr'><em>ἔθ’</em></span> <span class='ocrx_word' id='word_1_374' title='bbox 868 3274 901 3339; x_wconf 89' lang='lat' dir='ltr'><em>in</em></span> <span class='ocrx_word' id='word_1_375' title='bbox 910 3271 998 3340; x_wconf 89' lang='lat' dir='ltr'><em>aliud</em></span> <span class='ocrx_word' id='word_1_376' title='bbox 1010 3281 1134 3362; x_wconf 86' lang='lat' dir='ltr'><em>tempus</em></span> <span class='ocrx_word' id='word_1_377' title='bbox 1142 3267 1216 3359; x_wconf 88' lang='lat' dir='ltr'><em>ser·</em></span> <span class='ocrx_word' id='word_1_378' title='bbox 1257 3265 1458 3359; x_wconf 83' lang='lat' dir='ltr'><em>hposcitae,</em></span> <span class='ocrx_word' id='word_1_379' title='bbox 1489 3267 1659 3358; x_wconf 85' lang='lat' dir='ltr'><em>Epicurei,</em></span> <span class='ocrx_word' id='word_1_380' title='bbox 1689 3268 1856 3346; x_wconf 86' lang='lat' dir='ltr'><em>haeretiei,</em></span> <span class='ocrx_word' id='word_1_381' title='bbox 1892 3265 2031 3361; x_wconf 82' lang='lat' dir='ltr'><em>destituti</em></span> <span class='ocrx_word' id='word_1_382' title='bbox 2054 3291 2133 3341; x_wconf 79' lang='lat' dir='ltr'><em>veru</em></span> 
     </span>
     <span class='ocr_line' id='line_1_31' title="bbox 340 3363 2246 3467; baseline -0.002 -25"><span class='ocrx_word' id='word_1_383' title='bbox 340 3375 482 3444; x_wconf 82' lang='lat' dir='ltr'><em>nandans</em></span> <span class='ocrx_word' id='word_1_384' title='bbox 497 3377 510 3447; x_wconf 84' lang='lat'><em>,&#39;</em></span> <span class='ocrx_word' id='word_1_385' title='bbox 523 3369 610 3467; x_wconf 74' lang='lat' dir='ltr'><em>ficut</em></span> <span class='ocrx_word' id='word_1_386' title='bbox 630 3374 663 3438; x_wconf 90' lang='lat' dir='ltr'><em>ln</em></span> <span class='ocrx_word' id='word_1_387' title='bbox 685 3368 767 3439; x_wconf 82' lang='lat' dir='ltr'><em>abiis</em></span> <span class='ocrx_word' id='word_1_388' title='bbox 785 3371 874 3463; x_wconf 75' lang='lat' dir='ltr'><em>ptefflt</em></span> <span class='ocrx_word' id='word_1_389' title='bbox 896 3372 1060 3462; x_wconf 80' lang='lat' dir='ltr'><em>adparere.</em></span> <span class='ocrx_word' id='word_1_390' title='bbox 1108 3366 1213 3436; x_wconf 87' lang='lat' dir='ltr'><em>Deni·</em></span> <span class='ocrx_word' id='word_1_391' title='bbox 1279 3371 1333 3442; x_wconf 80' lang='lat' dir='ltr'><em>de3</em></span> <span class='ocrx_word' id='word_1_392' title='bbox 1366 3363 1608 3456; x_wconf 82' lang='lat' dir='ltr'><em>perseueranter</em></span> <span class='ocrx_word' id='word_1_393' title='bbox 1634 3369 1668 3434; x_wconf 92' lang='lat' dir='ltr'><em>in</em></span> <span class='ocrx_word' id='word_1_394' title='bbox 1691 3369 1851 3436; x_wconf 83' lang='lat' dir='ltr'><em>atrocibus</em></span> <span class='ocrx_word' id='word_1_395' title='bbox 1876 3365 1995 3437; x_wconf 73' lang='lat' dir='ltr'><em>aettettr</em></span> <span class='ocrx_word' id='word_1_396' title='bbox 2020 3381 2137 3458; x_wconf 76' lang='lat' dir='ltr'><em>eontra</em></span> <span class='ocrx_word' id='word_1_397' title='bbox 2243 3447 2246 3452; x_wconf 52' lang='grc'>,</span> 
     </span>
     <span class='ocr_line' id='line_1_32' title="bbox 338 3459 2137 3568; baseline 0.002 -32"><span class='ocrx_word' id='word_1_398' title='bbox 338 3495 396 3568; x_wconf 73' lang='lat' dir='ltr'><em>pne</em></span> <span class='ocrx_word' id='word_1_399' title='bbox 432 3467 500 3562; x_wconf 91' lang='lat' dir='ltr'><em>ipse</em></span> <span class='ocrx_word' id='word_1_400' title='bbox 527 3467 642 3537; x_wconf 85' lang='lat' dir='ltr'><em>titulus</em></span> <span class='ocrx_word' id='word_1_401' title='bbox 672 3470 749 3538; x_wconf 88' lang='lat' dir='ltr'><em>noni</em></span> <span class='ocrx_word' id='word_1_402' title='bbox 782 3472 897 3562; x_wconf 86' lang='lat' dir='ltr'><em>sapitis</em></span> <span class='ocrx_word' id='word_1_403' title='bbox 930 3469 984 3537; x_wconf 88' lang='lat' dir='ltr'><em>hoc</em></span> <span class='ocrx_word' id='word_1_404' title='bbox 1028 3464 1212 3559; x_wconf 73' lang='lat' dir='ltr'><em>manifestat</em></span> <span class='ocrx_word' id='word_1_405' title='bbox 1251 3462 1467 3558; x_wconf 86' lang='lat' dir='ltr'><em>conscientiam</em></span> <span class='ocrx_word' id='word_1_406' title='bbox 1481 3459 1667 3559; x_wconf 58' lang='lat' dir='ltr'><em>&amp;fimilem</em></span> <span class='ocrx_word' id='word_1_407' title='bbox 1692 3489 1755 3534; x_wconf 89' lang='lat' dir='ltr'><em>non</em></span> <span class='ocrx_word' id='word_1_408' title='bbox 1771 3466 1902 3536; x_wconf 83' lang='lat' dir='ltr'><em>debeant</em></span> <span class='ocrx_word' id='word_1_409' title='bbox 1917 3466 2137 3561; x_wconf 83' lang='lat' dir='ltr'><em>certostatuc·</em></span> 
     </span>
     <span class='ocr_line' id='line_1_33' title="bbox 336 3561 2131 3665; baseline -0.001 -24"><span class='ocrx_word' id='word_1_410' title='bbox 336 3571 489 3641; x_wconf 69' lang='lat' dir='ltr'><em>munde,</em></span> <span class='ocrx_word' id='word_1_411' title='bbox 513 3568 570 3659; x_wconf 85' lang='lat' dir='ltr'><em>qui</em></span> <span class='ocrx_word' id='word_1_412' title='bbox 579 3566 628 3665; x_wconf 72' lang='lat' dir='ltr'><em>fic</em></span> <span class='ocrx_word' id='word_1_413' title='bbox 650 3565 767 3636; x_wconf 86' lang='lat' dir='ltr'><em>habet:</em></span> <span class='ocrx_word' id='word_1_414' title='bbox 791 3580 905 3637; x_wconf 85' lang='lat' dir='ltr'><em>contra</em></span> <span class='ocrx_word' id='word_1_415' title='bbox 927 3568 1055 3636; x_wconf 82' lang='lat' dir='ltr'><em>inanem</em></span> <span class='ocrx_word' id='word_1_416' title='bbox 1080 3565 1214 3634; x_wconf 84' lang='lat' dir='ltr'><em>haereti·</em></span> <span class='ocrx_word' id='word_1_417' title='bbox 1253 3585 1314 3639; x_wconf 79' lang='lat' dir='ltr'><em>re,</em></span> <span class='ocrx_word' id='word_1_418' title='bbox 1340 3561 1497 3657; x_wconf 78' lang='lat' dir='ltr'><em>qccodstnt</em></span> <span class='ocrx_word' id='word_1_419' title='bbox 1512 3563 1545 3629; x_wconf 93' lang='lat' dir='ltr'><em>in</em></span> <span class='ocrx_word' id='word_1_420' title='bbox 1563 3565 1690 3657; x_wconf 76' lang='lat' dir='ltr'><em>gratia.</em></span> <span class='ocrx_word' id='word_1_421' title='bbox 1713 3561 1949 3633; x_wconf 76' lang='lat' dir='ltr'><em>‘Bellartninm</em></span> <span class='ocrx_word' id='word_1_422' title='bbox 1975 3562 2047 3638; x_wconf 86' lang='lat' dir='ltr'><em>libr.</em></span> <span class='ocrx_word' id='word_1_423' title='bbox 2072 3571 2131 3641; x_wconf 88' lang='lat'><em>111.</em></span> 
     </span>
     <span class='ocr_line' id='line_1_34' title="bbox 302 3653 2229 3759; baseline -0.007 -20"><span class='ocrx_word' id='word_1_424' title='bbox 302 3733 315 3748; x_wconf 68' lang='lat'><em>,</em></span> <span class='ocrx_word' id='word_1_425' title='bbox 336 3662 622 3758; x_wconf 84' lang='lat' dir='ltr'><em>cornmfidnciccm.</em></span> <span class='ocrx_word' id='word_1_426' title='bbox 647 3660 1102 3757; x_wconf 80' lang='lat' dir='ltr'><em>Cornel.Bilontinusinrnp.</em></span> <span class='ocrx_word' id='word_1_427' title='bbox 1126 3663 1212 3730; x_wconf 90' lang='lat' dir='ltr'><em>Vlll.</em></span> <span class='ocrx_word' id='word_1_428' title='bbox 1254 3655 1296 3728; x_wconf 88' lang='lat' dir='ltr'><em>de</em></span> <span class='ocrx_word' id='word_1_429' title='bbox 1323 3653 1418 3747; x_wconf 80' lang='lat' dir='ltr'><em>justif.</em></span> <span class='ocrx_word' id='word_1_430' title='bbox 1453 3682 1518 3753; x_wconf 81' lang='lat' dir='ltr'><em>cap.</em></span> <span class='ocrx_word' id='word_1_431' title='bbox 1560 3682 1588 3728; x_wconf 88' lang='grc' dir='ltr'><em>ι.</em></span> <span class='ocrx_word' id='word_1_432' title='bbox 1637 3664 1899 3731; x_wconf 71' lang='lat' dir='ltr'><em>Incertitmlinem</em></span> <span class='ocrx_word' id='word_1_433' title='bbox 1914 3661 2063 3759; x_wconf 68' lang='lat' dir='ltr'><em>justitiae</em></span> <span class='ocrx_word' id='word_1_434' title='bbox 2082 3665 2132 3740; x_wconf 64' lang='grc' dir='ltr'><em>θ’</em></span> <span class='ocrx_word' id='word_1_435' title='bbox 2226 3721 2229 3726; x_wconf 89' lang='grc'><strong>.</strong></span> 
     </span>
     <span class='ocr_line' id='line_1_35' title="bbox 301 3756 2131 3858; baseline -0.001 -24"><span class='ocrx_word' id='word_1_436' title='bbox 301 3785 304 3790; x_wconf 91' lang='grc'><strong><em>·</em></strong></span> <span class='ocrx_word' id='word_1_437' title='bbox 336 3767 440 3840; x_wconf 90' lang='lat' dir='ltr'><em>Rotn.</em></span> <span class='ocrx_word' id='word_1_438' title='bbox 493 3765 560 3856; x_wconf 81' lang='lat' dir='ltr'><em>Qui</em></span> <span class='ocrx_word' id='word_1_439' title='bbox 571 3764 605 3831; x_wconf 88' lang='lat' dir='ltr'><em>in</em></span> <span class='ocrx_word' id='word_1_440' title='bbox 622 3767 652 3836; x_wconf 79' lang='lat' dir='ltr'><em>C</em></span> <span class='ocrx_word' id='word_1_441' title='bbox 651 3762 746 3857; x_wconf 70' lang='lat' dir='ltr'><em>hrsso</em></span> <span class='ocrx_word' id='word_1_442' title='bbox 760 3763 833 3857; x_wconf 62' lang='lat' dir='ltr'><em>leffe</em></span> <span class='ocrx_word' id='word_1_443' title='bbox 839 3764 923 3858; x_wconf 86' lang='lat' dir='ltr'><em>sunt</em></span> <span class='ocrx_word' id='word_1_444' title='bbox 932 3808 944 3841; x_wconf 88' lang='lat'><em>,</em></span> <span class='ocrx_word' id='word_1_445' title='bbox 969 3761 1049 3830; x_wconf 86' lang='lat' dir='ltr'><em>nihil</em></span> <span class='ocrx_word' id='word_1_446' title='bbox 1069 3761 1211 3843; x_wconf 86' lang='lat' dir='ltr'><em>habent,</em></span> <span class='ocrx_word' id='word_1_447' title='bbox 1250 3758 1382 3851; x_wconf 79' lang='lat' dir='ltr'><em>gratim</em></span> <span class='ocrx_word' id='word_1_448' title='bbox 1400 3756 1577 3849; x_wconf 79' lang='lat' dir='ltr'><em>nonfislum</em></span> <span class='ocrx_word' id='word_1_449' title='bbox 1597 3772 1713 3827; x_wconf 82' lang='lat' dir='ltr'><em>contra</em></span> <span class='ocrx_word' id='word_1_450' title='bbox 1733 3759 1931 3848; x_wconf 87' lang='lat' dir='ltr'><em>haereticos,</em></span> <span class='ocrx_word' id='word_1_451' title='bbox 1955 3765 2131 3854; x_wconf 78' lang='lat' dir='ltr'><em>(quesita</em></span> 
     </span>
     <span class='ocr_line' id='line_1_36' title="bbox 336 3851 2128 3960; baseline -0.005 -24"><span class='ocrx_word' id='word_1_452' title='bbox 336 3866 420 3936; x_wconf 81' lang='lat' dir='ltr'><em>unde</em></span> <span class='ocrx_word' id='word_1_453' title='bbox 440 3866 552 3933; x_wconf 87' lang='lat' dir='ltr'><em>timere</em></span> <span class='ocrx_word' id='word_1_454' title='bbox 563 3864 714 3945; x_wconf 86' lang='lat' dir='ltr'><em>debeant,</em></span> <span class='ocrx_word' id='word_1_455' title='bbox 730 3859 1093 3960; x_wconf 78' lang='lat' dir='ltr'><em>fiqnidemsecnrisunt</em></span> <span class='ocrx_word' id='word_1_456' title='bbox 1110 3855 1211 3949; x_wconf 89' lang='lat' dir='ltr'><em>desa·</em></span> <span class='ocrx_word' id='word_1_457' title='bbox 1251 3851 1374 3938; x_wconf 82' lang='lat' dir='ltr'><em>vocnt)</em></span> <span class='ocrx_word' id='word_1_458' title='bbox 1391 3852 1451 3945; x_wconf 80' lang='lat' dir='ltr'><em>sed</em></span> <span class='ocrx_word' id='word_1_459' title='bbox 1473 3857 1569 3923; x_wconf 85' lang='lat' dir='ltr'><em>etium</em></span> <span class='ocrx_word' id='word_1_460' title='bbox 1586 3868 1697 3924; x_wconf 86' lang='lat' dir='ltr'><em>contra</em></span> <span class='ocrx_word' id='word_1_461' title='bbox 1711 3856 1876 3925; x_wconf 85' lang='lat' dir='ltr'><em>catholicos</em></span> <span class='ocrx_word' id='word_1_462' title='bbox 1890 3861 2128 3952; x_wconf 83' lang='lat' dir='ltr'><em>quosdampru.</em></span> 
     </span>
     <span class='ocr_line' id='line_1_37' title="bbox 335 3944 2126 4055; baseline -0.003 -20"><span class='ocrx_word' id='word_1_463' title='bbox 335 3963 408 4035; x_wconf 77' lang='lat' dir='ltr'><em>tute.</em></span> <span class='ocrx_word' id='word_1_464' title='bbox 458 3957 576 4030; x_wconf 70' lang='lat' dir='ltr'><em>Rivius&#39;</em></span> <span class='ocrx_word' id='word_1_465' title='bbox 600 3957 672 4030; x_wconf 86' lang='lat' dir='ltr'><em>libr.</em></span> <span class='ocrx_word' id='word_1_466' title='bbox 700 3961 755 4029; x_wconf 91' lang='lat' dir='ltr'><em>lll.</em></span> <span class='ocrx_word' id='word_1_467' title='bbox 780 3957 821 4029; x_wconf 84' lang='lat' dir='ltr'><em>de</em></span> <span class='ocrx_word' id='word_1_468' title='bbox 843 3954 996 4055; x_wconf 86' lang='lat' dir='ltr'><em>superllit.</em></span> <span class='ocrx_word' id='word_1_469' title='bbox 1022 3979 1099 4051; x_wconf 85' lang='lat' dir='ltr'><em>pag.</em></span> <span class='ocrx_word' id='word_1_470' title='bbox 1126 3974 1207 4030; x_wconf 78' lang='lat'>234·</span> <span class='ocrx_word' id='word_1_471' title='bbox 1251 3952 1391 4020; x_wconf 87' lang='lat' dir='ltr'><em>handum</em></span> <span class='ocrx_word' id='word_1_472' title='bbox 1414 3945 1469 4044; x_wconf 78' lang='lat' dir='ltr'><em>effe</em></span> <span class='ocrx_word' id='word_1_473' title='bbox 1495 3944 1611 4020; x_wconf 84' lang='lat' dir='ltr'><em>scribit.</em></span> <span class='ocrx_word' id='word_1_474' title='bbox 1662 3952 1831 4026; x_wconf 80' lang='lat' dir='ltr'><em>Evidentio</em></span> <span class='ocrx_word' id='word_1_475' title='bbox 1858 3952 2023 4022; x_wconf 79' lang='lat' dir='ltr'><em>dictorum</em></span> <span class='ocrx_word' id='word_1_476' title='bbox 2044 3962 2126 4031; x_wconf 84' lang='lat' dir='ltr'><em>unti-</em></span> 
     </span>
     <span class='ocr_line' id='line_1_38' title="bbox 295 4044 2124 4158; baseline -0.004 -27"><span class='ocrx_word' id='word_1_477' title='bbox 295 4049 305 4064; x_wconf 64' lang='grc'><strong><em>’</em></strong></span> <span class='ocrx_word' id='word_1_478' title='bbox 335 4063 486 4158; x_wconf 73' lang='lat' dir='ltr'><em>Jacobur</em></span> <span class='ocrx_word' id='word_1_479' title='bbox 502 4057 666 4128; x_wconf 85' lang='lat' dir='ltr'><em>Sadoletns</em></span> <span class='ocrx_word' id='word_1_480' title='bbox 676 4055 808 4150; x_wconf 85' lang='lat' dir='ltr'><em>scribit:</em></span> <span class='ocrx_word' id='word_1_481' title='bbox 832 4058 905 4125; x_wconf 90' lang='lat' dir='ltr'><em>Sine</em></span> <span class='ocrx_word' id='word_1_482' title='bbox 915 4056 1017 4154; x_wconf 78' lang='lat' dir='ltr'><em>firme</em></span> <span class='ocrx_word' id='word_1_483' title='bbox 1027 4053 1089 4146; x_wconf 88' lang='lat' dir='ltr'><em>spe</em></span> <span class='ocrx_word' id='word_1_484' title='bbox 1112 4064 1208 4146; x_wconf 81' lang='lat' dir='ltr'><em>atque</em></span> <span class='ocrx_word' id='word_1_485' title='bbox 1252 4050 1379 4142; x_wconf 84' lang='lat' dir='ltr'><em>quitatis</em></span> <span class='ocrx_word' id='word_1_486' title='bbox 1402 4044 1461 4142; x_wconf 86' lang='lat' dir='ltr'><em>ipli</em></span> <span class='ocrx_word' id='word_1_487' title='bbox 1479 4050 1548 4118; x_wconf 83' lang='lat' dir='ltr'><em>hnc</em></span> <span class='ocrx_word' id='word_1_488' title='bbox 1566 4047 1695 4119; x_wconf 79' lang='lat' dir='ltr'><em>extorsit</em></span> <span class='ocrx_word' id='word_1_489' title='bbox 1710 4047 1782 4120; x_wconf 89' lang='lat' dir='ltr'><em>libr.</em></span> <span class='ocrx_word' id='word_1_490' title='bbox 1800 4052 1857 4123; x_wconf 92' lang='lat'><em>111.</em></span> <span class='ocrx_word' id='word_1_491' title='bbox 1880 4048 1920 4122; x_wconf 87' lang='lat' dir='ltr'><em>de</em></span> <span class='ocrx_word' id='word_1_492' title='bbox 1931 4045 2025 4145; x_wconf 85' lang='lat' dir='ltr'><em>justif.</em></span> <span class='ocrx_word' id='word_1_493' title='bbox 2048 4077 2124 4153; x_wconf 77' lang='lat' dir='ltr'><em>cop.</em></span> 
     </span>
     <span class='ocr_line' id='line_1_39' title="bbox 323 4146 2126 4253; baseline 0.002 -30"><span class='ocrx_word' id='word_1_494' title='bbox 323 4153 450 4253; x_wconf 67' lang='lat' dir='ltr'><em>fiduda</em></span> <span class='ocrx_word' id='word_1_495' title='bbox 480 4160 514 4227; x_wconf 90' lang='lat' dir='ltr'><em>in</em></span> <span class='ocrx_word' id='word_1_496' title='bbox 532 4154 702 4248; x_wconf 78' lang='lat' dir='ltr'><em>scammum</em></span> <span class='ocrx_word' id='word_1_497' title='bbox 728 4156 838 4225; x_wconf 89' lang='lat' dir='ltr'><em>Deum</em></span> <span class='ocrx_word' id='word_1_498' title='bbox 857 4152 944 4250; x_wconf 81' lang='lat' dir='ltr'><em>fides</em></span> <span class='ocrx_word' id='word_1_499' title='bbox 968 4176 1045 4221; x_wconf 88' lang='lat' dir='ltr'><em>ocra</em></span> <span class='ocrx_word' id='word_1_500' title='bbox 1071 4175 1134 4221; x_wconf 89' lang='lat' dir='ltr'><em>non</em></span> <span class='ocrx_word' id='word_1_501' title='bbox 1154 4146 1206 4241; x_wconf 79' lang='lat' dir='ltr'><em>est.</em></span> <span class='ocrx_word' id='word_1_502' title='bbox 1256 4167 1307 4211; x_wconf 81' lang='grc' dir='ltr'><em>ιο.</em></span> <span class='ocrx_word' id='word_1_503' title='bbox 1367 4148 1558 4225; x_wconf 75' lang='lat' dir='ltr'><em>Fer-ternuc,</em></span> <span class='ocrx_word' id='word_1_504' title='bbox 1592 4152 1682 4239; x_wconf 87' lang='lat' dir='ltr'><em>apud</em></span> <span class='ocrx_word' id='word_1_505' title='bbox 1701 4172 1813 4217; x_wconf 83' lang='lat' dir='ltr'><em>omncs</em></span> <span class='ocrx_word' id='word_1_506' title='bbox 1829 4152 1904 4242; x_wconf 90' lang='lat' dir='ltr'><em>pior</em></span> <span class='ocrx_word' id='word_1_507' title='bbox 1931 4154 2039 4250; x_wconf 80' lang='lat' dir='ltr'><em>vigere</em></span> <span class='ocrx_word' id='word_1_508' title='bbox 2050 4152 2126 4249; x_wconf 83' lang='lat' dir='ltr'><em>spei</em></span> 
     </span>
     <span class='ocr_line' id='line_1_40' title="bbox 332 4241 2141 4349; baseline -0.002 -20"><span class='ocrx_word' id='word_1_509' title='bbox 332 4256 444 4330; x_wconf 82' lang='lat' dir='ltr'><em>Idem:</em></span> <span class='ocrx_word' id='word_1_510' title='bbox 468 4256 665 4349; x_wconf 78' lang='lat' dir='ltr'><em>Qupnquanc</em></span> <span class='ocrx_word' id='word_1_511' title='bbox 674 4249 757 4345; x_wconf 85' lang='lat' dir='ltr'><em>fidei</em></span> <span class='ocrx_word' id='word_1_512' title='bbox 761 4255 1014 4349; x_wconf 82' lang='lat' dir='ltr'><em>fundamentum</em></span> <span class='ocrx_word' id='word_1_513' title='bbox 1014 4251 1061 4347; x_wconf 76' lang='lat' dir='ltr'><em>fit</em></span> <span class='ocrx_word' id='word_1_514' title='bbox 1074 4253 1207 4331; x_wconf 81' lang='lat' dir='ltr'><em>credere,</em></span> <span class='ocrx_word' id='word_1_515' title='bbox 1248 4243 1348 4311; x_wconf 90' lang='lat' dir='ltr'><em>robur</em></span> <span class='ocrx_word' id='word_1_516' title='bbox 1364 4243 1497 4335; x_wconf 71' lang='lat' dir='ltr'><em>&amp;fidel</em></span> <span class='ocrx_word' id='word_1_517' title='bbox 1514 4241 1731 4330; x_wconf 73' lang='lat' dir='ltr'><em>firmitatem,</em></span> <span class='ocrx_word' id='word_1_518' title='bbox 1756 4244 1805 4320; x_wconf 61' lang='lat' dir='ltr'><em>hl</em></span> <span class='ocrx_word' id='word_1_519' title='bbox 1823 4253 1967 4322; x_wconf 86' lang='lat' dir='ltr'><em>aninmm</em></span> <span class='ocrx_word' id='word_1_520' title='bbox 1989 4256 2028 4322; x_wconf 88' lang='lat' dir='ltr'><em>de</em></span> <span class='ocrx_word' id='word_1_521' title='bbox 2050 4254 2141 4325; x_wconf 83' lang='lat' dir='ltr'><em>Deo&#39;</em></span> 
     </span>
     <span class='ocr_line' id='line_1_41' title="bbox 333 4337 2127 4453; baseline -0.001 -29"><span class='ocrx_word' id='word_1_522' title='bbox 333 4352 524 4447; x_wconf 85' lang='lat' dir='ltr'><em>tamenspcs</em></span> <span class='ocrx_word' id='word_1_523' title='bbox 541 4351 610 4445; x_wconf 79' lang='lat' dir='ltr'><em>ipfir</em></span> <span class='ocrx_word' id='word_1_524' title='bbox 624 4354 761 4421; x_wconf 83' lang='lat' dir='ltr'><em>continet</em></span> <span class='ocrx_word' id='word_1_525' title='bbox 774 4351 852 4446; x_wconf 83' lang='lat' dir='ltr'><em>inse</em></span> <span class='ocrx_word' id='word_1_526' title='bbox 863 4349 989 4445; x_wconf 85' lang='lat' dir='ltr'><em>fidem,</em></span> <span class='ocrx_word' id='word_1_527' title='bbox 1023 4346 1206 4448; x_wconf 70' lang='lat' dir='ltr'><em>&amp;absque</em></span> <span class='ocrx_word' id='word_1_528' title='bbox 1236 4337 1368 4436; x_wconf 74' lang='lat' dir='ltr'><em>streeper</em></span> <span class='ocrx_word' id='word_1_529' title='bbox 1381 4340 1602 4438; x_wconf 59' lang='lat' dir='ltr'><em>effitseeuram.</em></span> <span class='ocrx_word' id='word_1_530' title='bbox 1653 4346 1693 4412; x_wconf 88' lang='lat' dir='ltr'><em>Et</em></span> <span class='ocrx_word' id='word_1_531' title='bbox 1707 4342 1803 4436; x_wconf 84' lang='lat' dir='ltr'><em>paulo</em></span> <span class='ocrx_word' id='word_1_532' title='bbox 1821 4345 1906 4433; x_wconf 87' lang='lat' dir='ltr'><em>poll:</em></span> <span class='ocrx_word' id='word_1_533' title='bbox 1933 4349 2011 4428; x_wconf 83' lang='lat' dir='ltr'><em>Non</em></span> <span class='ocrx_word' id='word_1_534' title='bbox 2028 4376 2127 4453; x_wconf 84' lang='lat' dir='ltr'><em>nega·</em></span> 
     </span>
     <span class='ocr_line' id='line_1_42' title="bbox 315 4439 2126 4550; baseline -0.004 -26"><span class='ocrx_word' id='word_1_535' title='bbox 315 4450 476 4550; x_wconf 77' lang='lat' dir='ltr'><em>·Jpefides</em></span> <span class='ocrx_word' id='word_1_536' title='bbox 493 4452 601 4520; x_wconf 89' lang='lat' dir='ltr'><em>inanis</em></span> <span class='ocrx_word' id='word_1_537' title='bbox 620 4460 690 4518; x_wconf 87' lang='lat' dir='ltr'><em>tota</em></span> <span class='ocrx_word' id='word_1_538' title='bbox 714 4448 766 4546; x_wconf 79' lang='lat' dir='ltr'><em>est.</em></span> <span class='ocrx_word' id='word_1_539' title='bbox 817 4444 957 4526; x_wconf 86' lang='lat' dir='ltr'><em>Rursus,</em></span> <span class='ocrx_word' id='word_1_540' title='bbox 984 4447 1055 4517; x_wconf 91' lang='lat' dir='ltr'><em>Nos</em></span> <span class='ocrx_word' id='word_1_541' title='bbox 1076 4448 1204 4533; x_wconf 86' lang='lat' dir='ltr'><em>inquit,</em></span> <span class='ocrx_word' id='word_1_542' title='bbox 1248 4462 1343 4522; x_wconf 89' lang='lat' dir='ltr'><em>mur,</em></span> <span class='ocrx_word' id='word_1_543' title='bbox 1369 4442 1492 4536; x_wconf 81' lang='lat' dir='ltr'><em>iuquit.</em></span> <span class='ocrx_word' id='word_1_544' title='bbox 1524 4452 1669 4533; x_wconf 85' lang='lat' dir='ltr'><em>oportere</em></span> <span class='ocrx_word' id='word_1_545' title='bbox 1680 4439 1780 4534; x_wconf 86' lang='lat' dir='ltr'><em>fidens</em></span> <span class='ocrx_word' id='word_1_546' title='bbox 1803 4445 2021 4536; x_wconf 80' lang='lat' dir='ltr'><em>certifflmam,</em></span> <span class='ocrx_word' id='word_1_547' title='bbox 2044 4475 2126 4547; x_wconf 79' lang='lat' dir='ltr'><em>quae</em></span> 
     </span>
     <span class='ocr_line' id='line_1_43' title="bbox 329 4539 2126 4650; baseline -0.001 -28"><span class='ocrx_word' id='word_1_548' title='bbox 329 4555 384 4650; x_wconf 71' lang='lat' dir='ltr'><em>qui</em></span> <span class='ocrx_word' id='word_1_549' title='bbox 399 4549 649 4645; x_wconf 86' lang='lat' dir='ltr'><em>scripturarum</em></span> <span class='ocrx_word' id='word_1_550' title='bbox 669 4571 756 4619; x_wconf 90' lang='lat' dir='ltr'><em>more</em></span> <span class='ocrx_word' id='word_1_551' title='bbox 771 4549 953 4643; x_wconf 78' lang='lat' dir='ltr'><em>loquimur,</em></span> <span class='ocrx_word' id='word_1_552' title='bbox 964 4543 1067 4638; x_wconf 87' lang='lat' dir='ltr'><em>fidem</em></span> <span class='ocrx_word' id='word_1_553' title='bbox 1088 4542 1205 4636; x_wconf 81' lang='lat' dir='ltr'><em>Christi</em></span> <span class='ocrx_word' id='word_1_554' title='bbox 1247 4539 1475 4624; x_wconf 77' lang='lat' dir='ltr'><em>dubitationem</em></span> <span class='ocrx_word' id='word_1_555' title='bbox 1490 4539 1628 4631; x_wconf 89' lang='lat' dir='ltr'><em>prorsus</em></span> <span class='ocrx_word' id='word_1_556' title='bbox 1642 4540 1815 4617; x_wconf 79' lang='lat' dir='ltr'><em>excludat,</em></span> <span class='ocrx_word' id='word_1_557' title='bbox 1839 4542 2126 4621; x_wconf 80' lang='lat' dir='ltr'><em>haberidediuinis</em></span> 
     </span>
     <span class='ocr_line' id='line_1_44' title="bbox 326 4635 2123 4742; baseline 0.004 -25"><span class='ocrx_word' id='word_1_558' title='bbox 326 4674 400 4722; x_wconf 73' lang='lat' dir='ltr'><em>nm</em></span> <span class='ocrx_word' id='word_1_559' title='bbox 412 4648 670 4742; x_wconf 86' lang='lat' dir='ltr'><em>pronunciamus</em></span> <span class='ocrx_word' id='word_1_560' title='bbox 683 4648 718 4717; x_wconf 89' lang='lat' dir='ltr'><em>in</em></span> <span class='ocrx_word' id='word_1_561' title='bbox 738 4671 802 4715; x_wconf 87' lang='lat' dir='ltr'><em>nno</em></span> <span class='ocrx_word' id='word_1_562' title='bbox 817 4644 958 4739; x_wconf 87' lang='lat' dir='ltr'><em>hocfidci</em></span> <span class='ocrx_word' id='word_1_563' title='bbox 974 4645 1080 4719; x_wconf 88' lang='lat' dir='ltr'><em>uerbo,</em></span> <span class='ocrx_word' id='word_1_564' title='bbox 1100 4653 1222 4710; x_wconf 86' lang='lat' dir='ltr'><em>totum</em></span> <span class='ocrx_word' id='word_1_565' title='bbox 1241 4637 1495 4728; x_wconf 79' lang='lat' dir='ltr'><em>promifflonibus</em></span> <span class='ocrx_word' id='word_1_566' title='bbox 1508 4635 1769 4738; x_wconf 74' lang='lat' dir='ltr'><em>&amp;spe-metium</em></span> <span class='ocrx_word' id='word_1_567' title='bbox 1785 4639 1881 4710; x_wconf 88' lang='lat' dir='ltr'><em>talem</em></span> <span class='ocrx_word' id='word_1_568' title='bbox 1907 4666 1946 4713; x_wconf 88' lang='lat' dir='ltr'><em>ac</em></span> <span class='ocrx_word' id='word_1_569' title='bbox 1970 4657 2099 4718; x_wconf 87' lang='lat' dir='ltr'><em>tantam</em></span> <span class='ocrx_word' id='word_1_570' title='bbox 2109 4701 2123 4727; x_wconf 86' lang='lat'><em>,</em></span> 
     </span>
     <span class='ocr_line' id='line_1_45' title="bbox 326 4735 2125 4843; baseline -0.002 -23"><span class='ocrx_word' id='word_1_571' title='bbox 326 4750 362 4820; x_wconf 86' lang='lat' dir='ltr'><em>id</em></span> <span class='ocrx_word' id='word_1_572' title='bbox 377 4745 605 4843; x_wconf 85' lang='lat' dir='ltr'><em>intelligimus,</em></span> <span class='ocrx_word' id='word_1_573' title='bbox 631 4748 715 4839; x_wconf 84' lang='lat' dir='ltr'><em>quod</em></span> <span class='ocrx_word' id='word_1_574' title='bbox 729 4742 769 4826; x_wconf 80' lang='lat' dir='ltr'><em>cll</em></span> <span class='ocrx_word' id='word_1_575' title='bbox 783 4749 906 4814; x_wconf 85' lang='lat' dir='ltr'><em>credere</em></span> <span class='ocrx_word' id='word_1_576' title='bbox 922 4745 993 4813; x_wconf 90' lang='lat' dir='ltr'><em>Deo</em></span> <span class='ocrx_word' id='word_1_577' title='bbox 1012 4740 1060 4814; x_wconf 59' lang='lat' dir='ltr'><em>l?</em></span> <span class='ocrx_word' id='word_1_578' title='bbox 1079 4739 1157 4810; x_wconf 89' lang='lat' dir='ltr'><em>Chri</em></span> <span class='ocrx_word' id='word_1_579' title='bbox 1185 4764 1203 4807; x_wconf 91' lang='lat' dir='ltr'><em>o</em></span> <span class='ocrx_word' id='word_1_580' title='bbox 1247 4757 1328 4829; x_wconf 85' lang='lat' dir='ltr'><em>quae</em></span> <span class='ocrx_word' id='word_1_581' title='bbox 1344 4735 1527 4828; x_wconf 78' lang='lat' dir='ltr'><em>defidcrinnc</em></span> <span class='ocrx_word' id='word_1_582' title='bbox 1546 4738 1700 4804; x_wconf 79' lang='lat' dir='ltr'><em>cssoricndi</em></span> <span class='ocrx_word' id='word_1_583' title='bbox 1718 4739 1844 4834; x_wconf 88' lang='lat' dir='ltr'><em>pariat.</em></span> <span class='ocrx_word' id='word_1_584' title='bbox 1896 4741 2046 4837; x_wconf 86' lang='lat' dir='ltr'><em>Denique</em></span> <span class='ocrx_word' id='word_1_585' title='bbox 2075 4750 2125 4817; x_wconf 90' lang='lat' dir='ltr'><em>di·</em></span> 
     </span>
     <span class='ocr_line' id='line_1_46' title="bbox 327 4834 2163 4944; baseline 0.003 -34"><span class='ocrx_word' id='word_1_586' title='bbox 327 4846 432 4944; x_wconf 64' lang='lat' dir='ltr'><em>impure</em></span> <span class='ocrx_word' id='word_1_587' title='bbox 446 4841 611 4936; x_wconf 76' lang='lat' dir='ltr'><em>rorpidcre.</em></span> <span class='ocrx_word' id='word_1_588' title='bbox 662 4843 740 4913; x_wconf 90' lang='lat' dir='ltr'><em>Nan</em></span> <span class='ocrx_word' id='word_1_589' title='bbox 761 4839 936 4935; x_wconf 86' lang='lat' dir='ltr'><em>enimfides</em></span> <span class='ocrx_word' id='word_1_590' title='bbox 951 4838 1058 4934; x_wconf 78' lang='lat' dir='ltr'><em>nctjira</em></span> <span class='ocrx_word' id='word_1_591' title='bbox 1065 4838 1203 4938; x_wconf 73' lang='lat' dir='ltr'><em>sterrplex</em></span> <span class='ocrx_word' id='word_1_592' title='bbox 1245 4834 1341 4901; x_wconf 81' lang='lat' dir='ltr'><em>uince</em></span> <span class='ocrx_word' id='word_1_593' title='bbox 1355 4834 1550 4923; x_wconf 81' lang='lat' dir='ltr'><em>prorniffloni</em></span> <span class='ocrx_word' id='word_1_594' title='bbox 1556 4836 1654 4905; x_wconf 82' lang='lat' dir='ltr'><em>ctiam</em></span> <span class='ocrx_word' id='word_1_595' title='bbox 1669 4836 1703 4908; x_wconf 91' lang='lat' dir='ltr'><em>in</em></span> <span class='ocrx_word' id='word_1_596' title='bbox 1708 4837 1906 4933; x_wconf 83' lang='lat' dir='ltr'><em>particulari</em></span> <span class='ocrx_word' id='word_1_597' title='bbox 1909 4844 1999 4937; x_wconf 76' lang='lat' dir='ltr'><em>sides</em></span> <span class='ocrx_word' id='word_1_598' title='bbox 2010 4842 2163 4917; x_wconf 63' lang='lat' dir='ltr'><em>tabem·</em></span> 
     </span>
    </p>
   </div>
   <div class='ocr_carea' id='block_1_5' title="bbox 327 4927 2125 5164">
    <p class='ocr_par' dir='ltr' id='par_1_6' title="bbox 327 4927 2125 5164">
     <span class='ocr_line' id='line_1_47' title="bbox 327 4927 2125 5044; baseline -0.012 -21"><span class='ocrx_word' id='word_1_599' title='bbox 327 4944 579 5044; x_wconf 78' lang='lat' dir='ltr'><em>ellmdulitas;</em></span> <span class='ocrx_word' id='word_1_600' title='bbox 614 4939 820 5040; x_wconf 77' lang='lat' dir='ltr'><em>(quanquam</em></span> <span class='ocrx_word' id='word_1_601' title='bbox 833 4939 921 5036; x_wconf 84' lang='lat' dir='ltr'><em>fides</em></span> <span class='ocrx_word' id='word_1_602' title='bbox 944 4938 990 5015; x_wconf 64' lang='lat' dir='ltr'><em>bd</em></span> <span class='ocrx_word' id='word_1_603' title='bbox 1005 4938 1203 5036; x_wconf 69' lang='lat' dir='ltr'><em>fundanum</em></span> <span class='ocrx_word' id='word_1_604' title='bbox 1246 4932 1290 5001; x_wconf 81' lang='lat' dir='ltr'><em>da</em></span> <span class='ocrx_word' id='word_1_605' title='bbox 1305 4927 2125 5037; x_wconf 65' lang='lat' dir='ltr'><em>est,quoniampcrtinctaduentatempromimuns,</em></span> 
     </span>
     <span class='ocr_line' id='line_1_48' title="bbox 339 5051 2121 5164; baseline -0.044 61"><span class='ocrx_word' id='word_1_606' title='bbox 339 5053 356 5064; x_wconf 85' lang='lat'><em>..</em></span> <span class='ocrx_word' id='word_1_607' title='bbox 429 5055 523 5131; x_wconf 60' lang='lat' dir='ltr'><em>Tm</em></span> <span class='ocrx_word' id='word_1_608' title='bbox 552 5051 637 5156; x_wconf 49' lang='lat' dir='ltr'><em>KH*</em></span> <span class='ocrx_word' id='word_1_609' title='bbox 1342 5056 1375 5131; x_wconf 63' lang='lat' dir='ltr'>R</span> <span class='ocrx_word' id='word_1_610' title='bbox 1966 5072 2121 5164; x_wconf 76' lang='lat' dir='ltr'><em>nucu.</em></span> 
     </span>
    </p>
   </div>
   <div class='ocr_carea' id='block_1_6' title="bbox 0 0 2454 5809">
    <p class='ocr_par' dir='ltr' id='par_1_7' title="bbox 0 0 2454 5809">
     <span class='ocr_line' id='line_1_49' title="bbox 0 0 2454 5809; baseline 0 11"><span class='ocrx_word' id='word_1_611' title='bbox 0 0 2454 5809; x_wconf 95' lang='lat' dir='ltr'><em> </em></span> 
     </span>
    </p>
   </div>
  </div>
 </body>
</html>
