4900 5809
811 350 882 425 DE
910 351 1138 426 PiNitiUS.
1168 342 1701 468 SACRAMENTORUM
2079 363 2151 441 255

349 529 460 631 ptismi
477 530 558 612 nihil
580 528 728 610 decedit,
752 535 937 626 quominus
957 556 1033 604 uere
1045 538 1080 605 δι
1094 534 1227 628 proprie
1274 521 1467 623 cumprimis
1482 549 1560 608 vero
1580 529 1613 598 iti
1628 524 1724 598 tradi.
1732 548 1834 624 germ.
1851 523 1895 596 de
1916 521 2004 622 bapt.
2028 548 2058 599 c.
2089 549 2101 592 i
2111 547 2145 601 a.

348 634 387 706 lit
402 623 567 713 l'a'iecrtini
587 633 855 727 regenerationis,
881 630 971 727 quod
989 636 1106 702 iterum
1121 654 1226 701 exeni-
1276 625 1390 717 object.
1414 648 1443 697 ι.
1458 624 1522 697 late
1535 624 1575 698 de
1589 650 1629 697 eo
1644 629 1795 725 egimus,
1821 651 1881 698 nec
1899 621 2074 717 judicamus
2093 649 2148 695 ne-

349 733 407 832 plo
439 730 531 804 verbi
559 727 772 802 demonstrari
820 729 913 801 otell.
961 727 1062 799 Multi
1095 727 1228 799 audiunt
1275 716 1441 794 cellarium
1469 720 1564 806 elie,
1597 747 1632 795 ut
1661 724 1751 823 plura
1777 722 1946 796 addantur.
1998 728 2073 805 At,
2098 726 2149 793 iii·

348 830 514 910 verbum,
542 832 597 926 qui
621 833 684 917 jani
704 844 778 897 ante
790 752 863 898 slim
876 831 1031 923 regeniti,
1056 826 1159 898 nihilo
1180 842 1226 895 ta·
1275 823 1409 917 quiunt,
1436 819 1637 916 circumcisio
1657 825 1736 896 Gen.
1756 822 1874 902 XVII.
1898 847 1951 895 ιο.
1964 820 2150 917 diciturpu·

348 954 428 1002 rnen
444 932 547 1000 minus
563 924 696 996 verbum
711 922 756 994 ess
770 930 804 998 dt
818 949 926 996 minei
932 925 1107 1019 spirituale
1120 924 1168 1000 &³
1180 927 1228 995 iti·
1275 919 1363 992 num
1380 921 1469 1000 Dei,
1495 926 1529 993 dt
1546 923 1652 1016 postea
1672 950 1704 996 v.
1732 945 1785 996 ii.
1810 922 1927 994 dicitur
1931 923 2067 1019 sgnum
2081 948 2151 1016 pa·

348 1029 554 1123 corruptibile
577 1025 656 1096 illud
669 1022 782 1117 semen
792 1072 805 1106 ,
831 1048 888 1119 per
909 1024 1000 1119 quod
1017 1019 1227 1096 renascimur.
1274 1018 1328 1092 iti.
1379 1018 1470 1114 Ergo
1490 1019 1524 1091 id
1545 1020 1583 1091 fit
1602 1045 1661 1118 per
1682 1024 1912 1120 metonymiam
1932 1017 2149 1095 sacramenta-

353 1151 366 1192 ι
387 1125 457 1201 Pet.
474 1130 501 1199 i.
519 1145 575 1200 aa.
591 1125 655 1209 lac.
670 1127 694 1193 l.
718 1136 771 1194 18.
797 1120 937 1219 Proinde
955 1140 989 1194 ut
1012 1122 1092 1197 fides
1112 1130 1148 1196 &
1167 1121 1226 1200 do·
1272 1115 1350 1188 lem.
1397 1117 1473 1286 lips
1486 1174 1494 1191 .
1511 1135 1723 1220 preterquam
1752 1122 1843 1217 quod
1867 1116 2009 1215 superius
2037 1120 2151 1191 admo·

348 1250 389 1296 na
413 1226 546 1321 Spiritus
569 1216 668 1292 sinui
689 1223 932 1318 irregeneratis
952 1226 1075 1295 avere
1093 1220 1226 1294 creden·
1274 1216 1404 1286 ruimus
1442 1242 1556 1314 ignum
1576 1219 1618 1292 ab
1644 1217 1792 1317 apostolo
1812 1244 1870 1317 pet
1882 1217 2029 1317 flgitium
2051 1218 2151 1313 expli-

347 1322 433 1394 tibus
457 1327 514 1419 per
535 1317 682 1394 auditum
705 1320 795 1391 verbi
815 1343 1001 1417 augentur:
1026 1325 1067 1391 ita
1096 1344 1228 1419 quoque
1274 1317 1359 1390 cari,
1384 1314 1531 1389 addimus
1557 1314 1683 1417 insuper
1711 1320 1776 1388 lior
1794 1370 1808 1396 ,
1832 1315 1922 1417 quod
1948 1315 2149 1389 circumcisio

346 1447 407 1517 per
431 1419 621 1517 baptismum
647 1422 680 1488 in
707 1414 800 1494 illis,
828 1421 883 1515 qui
908 1425 972 1509 jam
993 1437 1066 1490 ante
1087 1420 1224 1513 regeriti
1276 1411 1416 1481 totaliter
1431 1414 1628 1489 confiderint
1643 1414 1797 1515 sit'ipsuin
1810 1419 1872 1487 Dei
1890 1409 1995 1486 fredus
2012 1421 2148 1492 cunali·

345 1516 446 1597 sunt,
472 1515 831 1594 fidesconfirmatur&
877 1515 1022 1586 roinillio
1042 1521 1150 1612 giariae
1164 1516 1225 1587 ob·
1275 1509 1455 1592 breliauio:
1490 1511 1635 1588 sedtum
1661 1513 1836 1588 secundum
1859 1531 1974 1584 notam
1999 1517 2033 1582 iri
2054 1538 2149 1586 carne

347 1617 504 1718 figuntur.
543 1619 597 1692 Sic
617 1638 698 1713 ergo
720 1617 809 1685 Deus
824 1542 962 1688 aliato
985 1640 1044 1714 per
1063 1617 1228 1687 circumci.
1274 1606 1420 1678 relictam
1440 1609 1683 1692 consideratur,
1709 1632 1844 1685 vocatur
1865 1608 1991 1708 signutn
2016 1605 2146 1684 foederis

345 1717 475 1792 sionem
495 1713 695 1788 &Cornelio
711 1736 768 1810 per
784 1709 982 1812 baptismum
998 1710 1136 1786 eandem
1155 1719 1228 1806 grass
1272 1707 1445 1782 incarne:
1470 1706 1536 1806 ipsa
1562 1717 1743 1810 amputatio
1758 1708 1913 1811 pellicula·
1939 1734 2006 1780 noti
2030 1708 2149 1807 signifi·

304 1866 316 1890 .
346 1821 447 1893 tiam,
470 1821 558 1909 cujus
580 1825 673 1886 antea
696 1814 855 1906 primitias
874 1830 1082 1909 acceperant,
1107 1808 1225 1901 oifert,
1271 1802 1478 1886 unledin
1502 1813 1699 1892 teineritate
1715 1814 1760 1884 est
1780 1815 1868 1882 adius
1894 1806 1947 1880 ille
1966 1802 2148 1883 sacramen-

345 1913 494 1991 e'xhibet,
520 1908 658 2006 adplicat
684 1915 725 1982 &s
740 1908 913 2007 obsignat,
942 1927 977 1980 ut
1009 1909 1131 2007 plenius
1155 1933 1225 1988 eam
1275 1901 1375 1979 talis,
1403 1929 1458 2000 pet
1492 1932 1590 2004 quem
1616 1908 1816 1981 circumcisus
1839 1913 1874 1978 in

344 2026 381 2088 δι
398 2014 532 2083 uberius
548 2010 709 2085 habeant,
735 2007 859 2079 firmius
881 2007 1058 2104 possideant
1087 2018 1227 2080 &tene·
1275 1993 1380 2071 foedus
1400 2004 1463 2073 Del
1496 2008 1660 2103 recipitur.
1719 2006 1788 2096 11.)
1820 2009 1877 2077 Iu·
1926 2000 2148 2100 ²gll'1st'um'1·

321 2129 425 2202 ¹ant,
449 2127 485 2183 ut
501 2132 582 2205 opus
603 2109 668 2178 Dei
689 2109 724 2177 iii
744 2104 820 2203 ipsis
841 2108 1031 2179 inchoatum
1047 2106 1228 2179 confirme·
1264 2097 1456 2211 struiitcritis
1476 2105 1690 2201 coimeslniidi'
1707 2109 1821 2205 gratio
1841 2130 1879 2177 ea
1927 2082 2148 2198 submmistra-

343 2230 419 2291 tur,
441 2226 593 2304 augeatur
611 2207 646 2278 ἀ
666 2202 881 2279 conservetur.
914 2205 997 2278 Vide
1013 2203 1227 2303 Augussinum
1275 2200 1400 2278 tribui,
1426 2203 1595 2297 quaesunt
1599 2204 1704 2299 solius
1719 2205 1788 2278 Dei
1796 2230 1877 2299 pro·
1926 2160 2128 2323 qf'ae‘jm

343 2306 779 2383 inluminationis.
808 2330 837 2376 c.
867 2307 983 2383 an&
1007 2306 1227 2385 Qiemnitium
1269 2299 1358 2388 pria.
1409 2294 1506 2395 iteip.
1527 2302 1721 2400 figmentum
1740 2303 1823 2375 -illud
1847 2328 1881 2373 e·
1972 2332 2101 2408 mm,

621 2399 698 2473 loco
713 2405 867 2498 proximo
881 2400 1037 2499 adlegeto.
1065 2401 1141 2492 Vl.)
1154 2405 1228 2472 Ex.
1272 2411 1403 2466 uertunt
1422 2394 1593 2472 clarisliina
1617 2400 1676 2474 stri
1701 2421 1779 2473 turae
1797 2400 1875 2472 elle-
2039 2473 2043 2484 ,

382 2551 437 2629 5)
466 2549 533 2610 Non
623 2501 762 2594 emplum
788 2502 925 2572 Simonis
941 2507 1032 2598 erengi
1050 2502 1225 2576 attulit.
1274 2491 1343 2580 sla,
1367 2519 1437 2589 qurc
1455 2494 1495 2566 de
1510 2499 1598 2569 verbi
1614 2507 1648 2573 dt
1665 2430 1938 2574 tironensium
1954 2500 2093 2575 efficacia
2114 2529 2143 2575 a·

342 2596 553 2716 „mn‘egq'pbffi
624 2622 681 2671 aa.
699 2597 854 2694 rejicitur,
878 2624 944 2670 riou
959 2626 1083 2684 omnes,
1099 2602 1154 2693 qui
1170 2602 1227 2669 lia·
1274 2611 1381 2686 gunt,
1405 2619 1475 2690 quar
1504 2603 1616 2668 onmia
1640 2619 1767 2671 tantuin
1790 2598 2021 2673 cohonestandi
2044 2608 2146 2697 gratia

341 2720 513 2796 pmaiiiur,
530 2733 575 2771 re·
615 2699 795 2792 ptizuntur
810 2749 824 2777 ,
850 2704 1001 2793 renasci:
1028 2724 1104 2799 eigo
1123 2700 1228 2792 bapti.
1276 2685 1336 2759 else
1361 2689 1466 2777 dina,
1488 2717 1558 2764 non
1582 2720 1691 2770 autem
1714 2722 1825 2770 revera
1847 2690 1911 2769 sese
1938 2697 1982 2769 sic
2006 2701 2147 2793 habere,

374 2811 558 2876 gererentur.
610 2795 707 2889 finus
722 2820 787 2866 mm
810 2799 871 2866 erit
893 2793 1155 2891 efficax'mdmm
1178 2820 1228 2866 re.
1275 2790 1347 2881 quis
1360 2789 1485 2861 audebit
1500 2789 1670 2876 adserere,
1696 2803 1814 2892 inquo
1834 2792 1884 2865 vel
1897 2799 1982 2868 mica
1996 2799 2145 2894 quiedam

615 2897 845 2991 generationis,
899 2890 995 2990 Resp,
1024 2894 1094 2992 plus
1119 2892 1163 2964 est
1192 2898 1227 2965 in
1275 2889 1400 2983 pietatis
1416 2895 1449 2959 dt
1466 2890 1579 2961 debitae
1598 2917 1675 2990 erga
1690 2894 1789 2965 scietas
1811 2892 1915 2965 literas
1938 2901 2147 2972 reverentiae?

344 2992 582 3094 consequente,
597 3015 697 3089 quam
714 2992 908 3064 antecedens
921 2997 1084 3089 permittit,
1098 2996 1224 3081 Qam.
1273 2993 1322 3054 iic
1341 2980 1459 3092 srullra
1474 2994 1646 3068 metuitur,
1671 3019 1710 3066 ne
1726 2995 1801 3064 Deo
1819 2986 1925 3063 salutis
1946 2996 2070 3066 rudiori
2088 2996 2147 3067 de-

342 3101 394 3168 eis
414 3099 504 3168 enirn
520 3115 589 3164 non
606 3113 722 3161 omnes
736 3089 837 3161 adulti
854 3116 918 3188 ¹per
933 3092 1153 3187 baptismnmr
1194 3118 1226 3163 e.
1272 3080 1354 3153 bitus
1380 3085 1490 3155 honor
1520 3086 1709 3162 detrahatur
1722 3141 1736 3169 ,
1760 3089 1786 3161 si
1813 3083 2008 3164 sacramenta
2037 3092 2147 3167 inedia

342 3189 577 3270 attentum-illi
594 3185 724 3270 scilicet,
739 3193 793 3287 qui
810 3192 995 3287 operationi
1009 3192 1142 3287 Spiritus
1154 3116 1227 3262 ἵξῃ.
1272 3182 1381 3277 gratiae
1397 3189 1431 3255 ir
1453 3180 1557 3257 salutis
1575 3186 1772 3268 slatuuntut,
1795 3212 1872 3259 cum
1886 3185 2020 3287 ipsemet
2041 3215 2077 3264 ea
2095 3194 2147 3264 iri·

344 3296 392 3367 eti
406 3291 574 3377 resistunt,
587 3293 621 3361 dt
636 3286 799 3385 hypocrisi
815 3285 869 3358 sua
886 3285 982 3381 ipsius
1003 3292 1227 3385 operationem
1272 3278 1433 3358 ilituerit',
1459 3308 1496 3353 ac
1511 3284 1648 3378 proinde
1663 3292 1772 3360 omnis
1785 3285 1836 3355 illa
1849 3293 1966 3370 virtue,
1991 3315 2088 3387 quam
2100 3286 2149 3364 sa·

344 3391 556 3490 impediunt,
589 3404 697 3455 tamen
726 3382 900 3482 baptismus
932 3391 965 3457 in
992 3382 1024 3456 se
1050 3413 1088 3457 π
1116 3411 1174 3484 pet
1197 3385 1227 3458 se
1271 3384 1442 3450 craincntis
1465 3399 1617 3481 tanquam
1653 3382 1752 3458 causac
1778 3382 2010 3480 iustrumentnli
2033 3387 2149 3461 tribui-

343 3517 414 3563 nori
439 3487 553 3561 delinit
576 3476 639 3555 else
660 3488 914 3581 regenerationis
937 3482 1108 3564 inedium,
1136 3483 1224 3582 quod
1272 3499 1365 3553 mus,
1390 3476 1432 3547 ad
1447 3483 1575 3560 Deum,
1603 3506 1758 3583 tanquam
1780 3484 1906 3558 causam
1915 3487 2147 3582 praecipuum,
2205 3517 2213 3540 ε

343 3595 463 3664 iterum
484 3581 632 3681 exemplo
651 3580 762 3659 verbi,
789 3583 912 3677 (quod
929 3607 969 3653 eit
989 3582 1227 3656 accidentium
1271 3575 1465 3647 reducatur:
1491 3607 1591 3675 quare
1610 3600 1687 3654 vero
1713 3607 1782 3654 nori
1801 3586 1955 3656 auderent
1977 3583 2149 3660 adversarii

345 3685 393 3759 eli
410 3689 443 3757 iti
459 3685 613 3757 omnibus
632 3680 771 3767 efficax)
786 3687 819 3753 dt
836 3680 951 3751 securis
968 3686 986 3775 (
996 3707 1066 3772 quae
1083 3707 1152 3752 non
1172 3680 1227 3751 de.
1272 3670 1366 3744 effata
1381 3672 1430 3742 illa
1447 3674 1629 3774 scripturae,
1653 3707 1724 3776 quae
1740 3682 1782 3752 de
1801 3676 2074 3756 sacramentorum
2093 3681 2146 3756 ef.

346 3785 423 3856 sinit
438 3780 501 3856 effe
515 3779 761 3852 instrumentum
778 3775 948 3857 sedlionis2
964 3776 1088 3850 etiamsi
1108 3779 1228 3876 lapides
1270 3771 1384 3844 ficaria
1405 3781 1438 3843 dr
1456 3773 1513 3844 usu
1535 3779 1687 3856 traslant,
1713 3805 1752 3851 eo
1766 3778 1907 3859 referre,
1933 3782 2023 3879 quod
2039 3786 2145 3857 hono.

342 3910 413 3957 nou
428 3879 533 3958 secet,
553 3879 571 3968 )
586 3878 750 3951 declarare
762 3880 905 3974 poterit,
924 3883 980 3977 qui
994 3875 1091 3950 volet.
1272 3875 1314 3942 ris
1329 3862 1417 3939 causa
1431 3871 1517 3943 ditia
1532 3872 1594 3946 sint
1606 3876 1813 3972 accipienda,
1829 3880 2006 3951 cumidem
2019 3885 2053 3952 iii
2067 3906 2145 3955 cau·

1271 3964 1303 4039 sa
1318 3970 1484 4041 meritoria
1497 3966 1601 4045 salutis
1616 3974 1725 4072 postea
1744 3979 1915 4048 tentarint?
1940 3975 2091 4050 adserunt
2105 4007 2143 4054 e.

665 4069 704 4171 ᾗ.
732 4074 828 4150 LIX.
852 4076 1066 4173 Exceptionet
1082 4079 1228 4172 potiores
1272 4071 1340 4138 uim
1355 4064 1441 4141 ditia
1462 4069 1539 4149 illa,
1568 4099 1639 4170 quae
1659 4071 1831 4152 tellantur,
1856 4080 1958 4169 perite
1981 4073 2069 4173 polst
2087 4105 2144 4155 eos

362 4179 545 4257 Exceptioiies
616 4169 765 4244 hiesum.
809 4175 863 4261 l.)
883 4176 953 4244 Per
976 4188 1107 4268 tropum
1131 4198 1228 4270 queri-
1271 4189 1333 4261 pro
1349 4169 1463 4261 quibus
1479 4170 1622 4243 Chrillus
1638 4170 1862 4248 inotluuselI.
1878 4176 2062 4273 accipienda
2079 4204 2144 4255 uu·

365 4257 533 4352 neucesaria
618 4278 695 4341 dum
716 4274 987 4367 fiitroineutnletii
1025 4275 1227 4367 explicandas
1271 4258 1322 4339 ra*
1338 4259 1495 4345 itineri.
1519 4270 1609 4367 quod
1622 4265 1941 4367 seilicet&ipsoruni
1954 4278 1988 4345 dt
2003 4272 2144 4351 aliorum

336 4335 569 4499 jaff?
620 4368 675 4467 effe
693 4375 764 4441 illus
778 4372 1030 4470 proptfitiones:
1045 4372 1225 4465 buptffmus
1271 4369 1426 4459 opinione
1447 4369 1589 4438 Christus
1604 4393 1665 4458 pro
1687 4368 1761 4463 ipsis
1778 4366 1816 4439 sit
1835 4390 1999 4445 iiiortnus:
2024 4375 2075 4444 cui
2090 4399 2142 4447 er·

617 4467 854 4661 nnn
1061 4472 1224 4640 tilii
1269 4466 1386 4635 ili
1402 4465 1658 4635 itinn·
1669 4466 2138 4660 i.{i:ii·.in:nin

362 4749 365 4754 Ι
620 4668 713 4737 uerbo
730 4665 801 4740 &a
815 4669 1046 4767 iitfitsensas,
1063 4596 1222 4763 bdpti'smu
1268 4652 1376 4730 lorum
1392 4663 1492 4732 lioni.
1508 4662 1606 4742 XIV·
1623 4684 1639 4732 -1
1651 4686 1679 4742 5·
1710 4688 1720 4731 i
1740 4665 1817 4738 Cot.
1834 4662 1932 4743 VIII.
1954 4689 2008 4740 ιι.
2025 4593 2141 4743 lien.

334 4768 510 4875 fignificat
520 4778 727 4862 peccatorum
742 4767 935 4838 ablutionem
957 4766 1151 4860 &stiluteiii
1171 4770 1221 4837 oli·
1268 4754 1315 4831 II.
1334 4783 1362 4831 1.
1387 4760 1550 4831 Christum
1566 4785 1626 4859 pro
1649 4760 1855 4858 pereuntibus
1876 4761 1938 4838 effe
1952 4785 2141 4857 mortuum;

331 4869 464 4970 figuti.
488 4859 799 4959 ·Re'sp.confistum
825 4862 918 4934 illuni
943 4890 1072 4960 tropum
1098 4863 1224 4938 disertis
1266 4881 1337 4953 quat
1359 4855 1497 4929 adsertio
1520 4861 1694 4960 apostolica
1719 4887 1789 4932 iion
1822 4863 1865 4931 est
1894 4863 1979 4935 nuda
2005 4869 2140 4962 opinio.

345 4959 631 5066 scriptiiraeiietbis
647 4960 834 5066 oppositum
851 4961 1043 5038 excull'iiiiiis'
1064 4960 1223 5064 superius:
1265 4954 1321 5031 sed
1351 4955 1524 5058 infallibilis
1543 4964 1677 5032 veritate
1701 4982 1747 5064 ac
1753 4958 1894 5058 proinde
1920 4987 2054 5061 gravem
2077 4957 2142 5038 elie

427 5071 432 5080 '
2001 5057 2137 5136 'temo
